1864 3250
387 238 673 273 CHRONICON
699 237 979 272 HERIMANNI
1004 237 1278 272 AUGIENSIS.
1546 240 1591 273 75

91 352 250 409 gratia,
298 351 456 393 ducatu
506 364 678 416 quoque
726 350 918 407 privatus
968 356 1044 392 est.
1102 349 1269 393 Leutizi
1317 349 1588 393 Wirbinam¹

94 405 317 451 castellum
353 405 462 449 clam
503 407 719 463 proditum
765 407 941 463 capiunt
977 404 1220 463 multosque
1250 413 1494 449 nostrorum
1525 421 1592 449 oc-

93 462 243 507 cidunt
277 461 347 505 vel
376 462 569 519 captivos
599 462 828 506 abducunt.
885 463 1137 518 Imperator,
1174 463 1219 505 vi
1254 463 1432 505 transito
1463 462 1593 505 Albia

91 519 280 574 flumine,
310 519 577 576 provinciam
607 534 755 562 eorum
785 518 1044 575 ingrediens,
1079 518 1162 561 late
1191 525 1342 562 vastat.
1403 518 1591 562 Sinodus

91 589 250 633 magna
278 574 395 632 apud
425 574 671 617 Triburiam
700 574 754 617 ab
786 576 1041 631 imperatore
1072 573 1250 617 collecta
1279 583 1355 618 est.

206 631 329 675 1036.
392 631 654 688 Piligrinusa
699 630 965 675 Coloniensis
1004 631 1351 688 archiepiscopus
1394 630 1591 685 decessit,

92 689 218 745 eique
237 687 540 742 Herimannus‚
572 687 743 730 Ottonis
763 687 940 730 secundi
959 688 1230 745 imperatoris
1261 703 1315 730 ex
1335 687 1424 729 filia
1443 702 1592 744 nepos,

93 744 312 787 suecessit.
387 743 668 787 Gebehardus
723 744 934 787 secundus
989 744 1108 787 Ratis
1144 744 1312 786 onensis
1363 744 1593 801 episcopus

96 802 160 844 16.
180 799 278 843 Kal.
298 799 473 843 Martiib
504 801 621 855 obiit,
651 815 730 857 pro
761 815 845 857 quo
874 801 1022 843 tertius
1045 759 1340 854 Gebehardus,
1373 800 1593 844 Coum-adi

93 857 365 922 imperatoris
397 871 453 899 ex
482 862 616 899 matre
646 856 886 899 Adalheide
916 857 1064 910 frater,
1096 857 1326 914 episcopus
1359 857 1591 900 ordinatur.

91 912 322 956 Hemricus
369 928 469 967 reX,
507 912 620 955 filius
663 913 951 970 imperatoris,
996 912 1299 956 Ohunihildem
1317 921 1346 968 ⁰,
1385 913 1593 956 Cnutonis

92 969 319 1012 Danorum
361 975 406 1011 ‘et
447 968 687 1026 Anglorum
731 970 844 1026 regis
888 969 1044 1023 filiam,
1089 969 1305 1026 regalibus
1349 970 1431 1012 sibi
1475 969 1593 1026 apud

91 1025 409 1081 Noviomagum
429 1026 829 1082 nuptiis-copulavit
849 1040 1040 1068 uxorem.
1073 1026 1330 1069 Counradus
1339 1027 1370 1080 d,
1390 1025 1593 1082 patruelis

91 1082 375 1139 imperatoris,
405 1082 538 1138 patris
571 1083 636 1124 sui
667 1081 870 1125 ducatum
901 1083 946 1124 in
976 1081 1218 1125 Carentano
1256 1090 1298 1124 et
1326 1084 1371 1124 in
1402 1083 1593 1139 Hystria,

92 1152 220 1196 quem
239 1136 454 1180 Adalbero
474 1138 694 1193 habuerat,
715 1139 769 1181 ab
790 1139 1046 1194 imperatore
1067 1139 1241 1195 recepit.
1272 1139 1564 1181 Herimannus
1577 1147 1593 1167 e

93 1208 264 1251 quoque
313 1193 404 1236 dux
441 1193 724 1237 Alamanniae
767 1195 987 1236 marcham
1026 1196 1165 1237 soceri
1205 1196 1271 1236 sui
1316 1195 1592 1251 Meginfridi²

91 1251 138 1293 in
165 1248 290 1292 Italia
329 1249 382 1292 ab
414 1250 670 1307 imperatore
701 1251 877 1307 accepit.
935 1250 1126 1293 Leutizif
1167 1250 1312 1293 Sclavi
1346 1253 1593 1307 imperatori

92 1305 326 1362 vectigales
369 1306 485 1349 facti.
551 1307 860 1363 Burghardusg
903 1306 1205 1363 Lugdunensis
1244 1307 1595 1366 archiepiscopus

87 1363 221 1405 immo
258 1369 466 1419 tyrannus
497 1369 539 1405 et
568 1362 821 1419 sacrilegus,
852 1363 1153 1406 aecclesiarum
1188 1363 1490 1420 depraedator,
1521 1365 1593 1407 ad-

88 1417 226 1462 ulter¹1
256 1420 563 1473 incestuosusS,
595 1434 693 1461 cum
726 1419 1021 1473 oudalricum,
1055 1419 1259 1476 Seligerii
1290 1420 1438 1475 filium,
1478 1420 1591 1464 bello

87 1481 272 1574 peteret,
317 1475 372 1518 ab
411 1476 505 1533 ipso
545 1476 685 1518 victus
726 1483 768 1518 et
798 1482 949 1532 captus
986 1477 1322 1534 imperatorique
1366 1477 1591 1532 adductus,

106 1545 201 1574 erro
232 1532 498 1588 compeditus
530 1539 573 1574 et
593 1532 787 1574 custodia
807 1533 1090 1589 mancipatus,
1121 1532 1267 1575 multis
1288 1533 1410 1575 annis
1431 1533 1591 1576 detine-

87 1595 158 1631 tur
185 1588 230 1629 in
259 1587 443 1630 vinculis
456 1589 489 1629 ¹¹.
548 1588 788 1646 Imperator
816 1588 956 1632 hieme
985 1589 1154 1631 Italiam
1184 1590 1302 1645 petit.
1352 1590 1590 1633 Sanctimo-

87 1643 222 1687 niales
266 1659 292 1686 a
341 1644 497 1687 domna
540 1644 845 1701 Irmengarda,
885 1644 1004 1687 Welf
1009 1647 1018 1673 ¹
1065 1646 1232 1688 comitis
1277 1645 1430 1701 vidua,
1474 1646 1591 1703 apud

87 1699 264 1743 Altdorf
286 1716 364 1757 pro
395 1700 562 1743 clericis
597 1700 799 1744 collectae
830 1708 929 1744 sunt
940 1709 969 1742 4.

202 1757 324 1799 1037.
367 1756 618 1814 Imperator,
650 1757 862 1800 celebrato
893 1758 1090 1800 Veronae
1120 1757 1262 1800 natale
1291 1758 1483 1812 Domini,
1514 1773 1592 1815 per

85 1812 281 1855 Brixiam
311 1819 354 1856 et
373 1813 629 1856 Cremonam
659 1814 989 1856 Mediolanumm
1018 1816 1224 1871 pervenit.
1273 1814 1380 1857 Inde
1408 1816 1472 1857 Pa
1505 1816 1590 1857 iam

88 1868 250 1923 adiens,
279 1868 584 1912 Heribertumn
611 1869 974 1913 Mediolanensem
996 1870 1384 1928 archiepiscopum,
1412 1871 1457 1912 in
1490 1870 1591 1914 deli-

89 1925 187 1968 tatis
230 1931 496 1981 accusatum,
541 1926 804 1983 adprehendi
847 1927 972 1968 iussit
1021 1942 1205 1984 eumque
1250 1928 1419 1984 Poponi
1461 1928 1590 1983 patri-

89 1980 245 2024 archae
281 1981 578 2038 Aquilegiensi
614 1983 942 2025 custodiendum
982 1983 1296 2026 conmendavit.
1357 1984 1442 2036 Qui
1486 1983 1590 2039 fuga

89 2036 271 2094 elapsus,
301 2039 465 2080 cunctis
495 2038 659 2081 viribus
690 2039 829 2082 eidem
849 2040 1095 2095 imperatori
1121 2039 1327 2082 rebellare
1358 2041 1589 2082 contendit.

88 2094 341 2151 Imperator,
371 2094 563 2151 paschali
590 2095 698 2138 festo
728 2096 959 2138 Ravennae
995 2103 1109 2147 acto,
1140 2096 1397 2139 territorium
1427 2096 1589 2139 Medio·
1603 2108 1674 2142 Apr.
1700 2109 1747 2137 10.

86 2148 261 2192 lanense
303 2151 491 2207 repetiit,
535 2151 685 2194 urbem
726 2152 914 2206 obsedit,
960 2151 1152 2206 castella,
1196 2151 1318 2194 villas
1362 2153 1589 2210 omniaque

90 2206 251 2249 circum
281 2206 337 2249 ad
365 2207 545 2250 rebelles
583 2209 839 2264 pertinentia-
869 2210 1077 2262 vastavit,
1110 2209 1428 2251 coniuratorum
1458 2217 1589 2251 ver0⁰

87 2277 263 2304 manum
305 2262 431 2307 facile
471 2265 743 2320 conpescuit,
773 2265 920 2321 eisque
948 2264 1108 2321 legem,
1140 2280 1269 2322 quam
1301 2271 1343 2307 et
1373 2265 1589 2321 prioribus

87 2317 326 2362 habuerant
360 2319 646 2376 temporibus,
686 2322 843 2377 scripto
883 2321 1114 2364 roboravit.
1172 2321 1235 2363 Pa
1268 2335 1294 2362 a
1328 2321 1588 2364 Benedictus

89 2373 345 2417 Cremonam
374 2376 429 2418 ad
458 2378 517 2418 im
552 2384 762 2419 eratorem
790 2377 922 2419 venit.
981 2377 1191 2434 Episcopi
1267 2376 1504 2420 lacentinus
1516 2385 1589 2433 1³³⁵,

90 2429 416 2474 Cremonensis⁰
453 2438 494 2475 et
568 2432 838 2476 ercellensis⁷
869 2434 1054 2477 incusati
1084 2432 1138 2476 ab
1169 2434 1429 2491 imperatore
1459 2435 1592 2491 capti-

188 2522 218 2557 a)
245 2524 417 2556 Biligrinus
439 2524 468 2552 2.
548 2524 580 2559 b)
609 2519 697 2552 MXR
717 2534 794 2553 corr.
817 2526 936 2559 Aprilis
958 2527 986 2554 2.
1069 2526 1096 2561 c)
1117 2527 1306 2554 Chuuihilde
1328 2528 1355 2555 2.
1438 2526 1469 2561 d)
1492 2528 1592 2555 Coun-

88 2563 180 2590 rndus
212 2570 301 2595 neque
331 2564 447 2596 recepit
477 2565 578 2590 desum
608 2567 636 2591 2.
720 2564 748 2599 e)
779 2566 996 2593 Heremannus
1029 2567 1054 2593 1.
1136 2566 1160 2600 f)
1183 2567 1218 2593 L.
1242 2566 1274 2593 S.
1297 2566 1315 2594 i.
1337 2574 1366 2594 v,
1390 2566 1412 2594 f.
1436 2568 1538 2593 desum
1561 2568 1589 2595 2.

89 2601 120 2636 g)
142 2602 359 2629 Burchhardus
382 2603 409 2630 2.
490 2602 522 2638 h)
546 2605 729 2637 adulterque
746 2606 773 2631 2.
855 2604 878 2638 i)
902 2605 1040 2638 Selegeri
1055 2608 1082 2634 1.
1163 2605 1195 2639 k)
1218 2607 1331 2639 reliqua
1353 2607 1427 2632 anni
1447 2607 1549 2633 desunt
1562 2608 1589 2633 2.

86 2642 109 2676 1)
122 2642 209 2668 Wels
225 2644 250 2668 1.
312 2641 354 2676 m)
376 2643 597 2670 Mediolanium
611 2646 636 2672 1.
699 2644 732 2678 n)
754 2646 959 2672 Herebertum
975 2647 999 2671 1.
1065 2645 1094 2678 o)
1118 2646 1192 2671 deest
1215 2647 1242 2674 2.
1303 2644 1336 2679 p)
1359 2646 1537 2672 placentius
1562 2647 1587 2672 2.

188 2704 226 2749 1)
260 2704 378 2740 Hodie
412 2706 564 2742 Werben.
665 2709 702 2752 2)
728 2708 948 2743 Marchionis
981 2709 1222 2752 Taurinensis,
1258 2709 1359 2743 cuius
1375 2709 1459 2752 fllia
1483 2709 1590 2743 Adel-

88 2754 195 2788 haiala
211 2754 434 2789 Herimanno
460 2762 644 2799 nupserat.
732 2758 772 2800 3)
800 2757 853 2802 Cf.
872 2757 1020 2801 Rodulf.
1049 2757 1151 2792 Glab.
1177 2758 1216 2799 V,
1231 2759 1264 2792 4.
1366 2757 1406 2801 4)
1427 2757 1478 2802 eff.
1498 2769 1589 2801 quae

88 2803 339 2837 animadvertit
377 2816 411 2839 v.
453 2805 495 2839 cl.
540 2804 717 2847 Weiland,
758 2805 825 2840 SS.
861 2806 963 2848 XXI,
1004 2808 1086 2849 457,
1126 2819 1159 2842 η.
1203 2809 1235 2840 1.
1363 2805 1402 2851 5)
1445 2807 1584 2841 Petras.

89 2851 128 2895 6)
154 2852 357 2887 Hahaldus.
461 2853 498 2898 7)
523 2852 728 2889 Ardericua.
