1864 3250
0 0 18 156 ᾝ·Γ”Χ”Γ’Ἶ

0 289 11 393 4·υπι

409 242 619 277 WIPONIS
648 240 805 276 GESTA
832 239 1122 274 CHUONRADI
1147 239 1248 272 IMP.
1532 240 1577 272 2⁶

169 357 235 399 11.
294 353 452 409 Quod
487 368 587 396 rex
623 367 733 395 cum
771 352 1020 394 exercitu
1048 350 1262 395 Italiam
1290 351 1490 407 petiita.

193 422 323 466 Anno
342 422 648 465 incarnationis
665 419 824 464 Christi
846 420 968 463 1026.
987 419 1271 462 Ohuonradus
1292 434 1371 462 rex
1400 418 1576 462 consilio
1594 434 1679 461 1026.

82 486 126 523 et
151 479 356 538 petitione
384 478 630 535 principum
658 477 781 533 regni
809 475 946 517 filium
975 490 1102 517 suum
1122 475 1377 518 Heinricum
1397 490 1578 532 puerum

81 550 230 592 regem
275 541 372 593 post
410 549 455 577 se
491 533 751 590 designavit,
801 530 1006 588 illumque
1045 532 1239 574 Brunoni
1291 531 1578 588 Augustensis

82 591 288 636 ecclesiae
318 591 522 648 episcopo
566 591 613 632 in
647 589 823 632 tutelam
860 587 1192 643 commendavit3
1238 595 1280 631 et
1324 587 1578 644 supradictis
1590 602 1682 630 Febr.

82 646 278 691 hostibus
309 648 396 690 suis
426 646 603 689 insidias
631 661 710 703 per
738 643 873 686 filium
903 650 946 686 et
977 649 1168 686 caeteros
1198 643 1345 687 fideles
1367 658 1467 686 suos
1487 642 1578 685 dili-

81 710 233 762 genter
261 718 286 746 o
319 718 504 761 ponens,
540 703 634 759 ipse
674 716 773 743 cum
803 700 997 743 exercitu
1029 701 1204 757 copioso
1235 699 1404 743 Italiam
1434 706 1579 756 petere

83 760 238 818 coepit.
287 719 347 802 {n
377 774 463 816 qua
493 758 764 815 expeditione
799 756 1070 813 supradictus
1108 757 1316 799 Ernestus
1354 756 1445 798 dux
1482 755 1580 798 Ala-

82 817 282 859 manniae
312 813 621 872 aliquantulum
646 814 739 870 regi
768 812 967 866 militam,
999 812 1390 870 Campidonensem
1405 821 1418 843 1
1450 813 1580 855 abba-

82 873 200 927 tiam,
228 871 326 915 licet
359 877 506 914 contra
533 870 598 912 fas
629 877 671 913 et
701 871 767 912 ius
799 876 910 912 esset
938 869 1115 911 liberam
1137 884 1227 911 rem
1248 870 1332 911 nisi
1351 867 1581 911 liberaliter

83 929 255 982 servire,
284 929 329 969 in
357 927 612 971 beneficium
642 926 810 983 accepit
828 941 854 968 a
873 940 989 982 rege,
1019 931 1061 968 et
1080 924 1136 967 ad
1155 926 1376 968 tutandam
1397 925 1579 982 patriam

82 984 316 1028 honorifice
343 984 546 1026 remissus
574 989 650 1025 est.

311 1070 376 1112 12.
437 1068 587 1122 Quod
623 1083 716 1111 rex
745 1068 1038 1124 Papienses
1068 1066 1354 1109 afflixerit.

195 1137 291 1181 Rex
309 1138 527 1194 ingressus
546 1136 728 1191 Italiam,
781 1151 826 1178 er
854 1136 1069 1178 Veronam
1099 1137 1209 1178 inter
1228 1134 1520 1178 Mediolanum
1541 1141 1583 1178 et

83 1193 262 1251 Papiam
293 1193 527 1237 Vercellisb
558 1194 697 1245 venit,
740 1194 753 1234 i
786 1193 800 1234 i
834 1207 886 1234 ue
917 1198 1114 1234 sanctum
1144 1191 1305 1248 pascha
1335 1190 1580 1235 celebravit.
1593 1207 1668 1242 Apr.
1692 1209 1737 1237 ιο.

83 1249 137 1292 In
169 1250 275 1307 ipsis
312 1249 465 1293 diebus
500 1248 771 1306 paschalibus
840 1263 909 1302 eo,
955 1248 1145 1291 eiusdem
1180 1247 1363 1290 civitatis
1394 1249 1580 1303 antistes,

226 1306 304 1348 Vir
332 1305 512 1349 multum
544 1321 591 1348 sa
622 1306 726 1360 iens,
757 1304 966 1347 mundum
995 1319 1095 1346 cum
1125 1318 1234 1361 pace
1263 1303 1339 1347 reli
1372 1305 1454 1358 uit3

85 1363 157 1406 cui
171 1362 435 1405 Hardericus
454 1361 598 1405 Medio
616 1362 786 1404 anensis
818 1362 1050 1403 canonicus
1081 1361 1296 1403 successit.
1397 1375 1452 1402 ex
1480 1375 1581 1403 vero

84 1419 172 1462 iam
215 1425 350 1462 totam
394 1433 504 1475 pene
548 1418 717 1461 Italiam
761 1416 933 1474 planam
977 1431 1080 1459 suae
1124 1417 1277 1459 ditioni
1321 1415 1580 1473 subiugavit.

84 1475 342 1532 Papiensem
361 1475 526 1528 urbem,
548 1475 749 1531 quoniam
769 1473 893 1516 valde
913 1472 1125 1530 populosa
1144 1473 1239 1527 fuit,
1264 1473 1404 1515 subito
1427 1488 1582 1529 capere

85 1545 172 1574 non
200 1531 361 1596 potuit3
392 1532 508 1587 ipsos
529 1531 762 1587 Papienses
792 1530 837 1571 in
898 1531 1050 1572 ratiam
1079 1529 1272 1585 recipere
1301 1529 1450 1583 noluit,
1481 1530 1582 1585 quia

117 1586 292 1630 alanum
322 1587 439 1644 quod
468 1587 766 1629 destruxerant
794 1587 839 1627 in
891 1600 968 1628 oco
1006 1586 1080 1628 ubi
1108 1586 1227 1642 prius
1258 1585 1399 1628 fuerat
1421 1585 1582 1628 reaedi-

85 1603 213 1686 gcare
243 1642 384 1685 adhuc
412 1643 694 1697 rennuebant3
727 1642 803 1685 sed
833 1641 1078 1685 defensores
1109 1656 1268 1696 eorum,
1299 1641 1582 1684 Adalbertum

85 1698 377 1742 marchionem
397 1707 439 1742 et
459 1698 793 1742 Willihelmum²
824 1705 866 1740 et
892 1704 1081 1740 caeteros
1110 1698 1324 1754 principes
1354 1698 1399 1739 in
1427 1697 1582 1740 iisdem

86 1756 279 1800 terminis
314 1755 564 1798 mirabiliter
585 1757 827 1812 opprimere
848 1755 1007 1810 coepit,
1031 1761 1219 1796 castrum
1241 1769 1389 1796 eorum
1410 1754 1581 1795 nomine

86 1811 278 1855 Urbam⁸
309 1811 529 1867 desolavit,
561 1819 602 1854 et
630 1812 753 1868 plura
782 1810 866 1852 alia
896 1809 1068 1852 castella
1089 1817 1130 1853 et
1152 1810 1410 1852 munitiones
1432 1810 1582 1852 firmis-

87 1868 216 1911 simas
245 1867 478 1925 dissipavit.
538 1868 606 1910 Ea
640 1873 893 1933 tempestate
931 1866 1093 1923 grande
1130 1865 1292 1908 malum
1327 1866 1489 1908 factum
1519 1871 1583 1908 est

85 1925 131 1967 in
167 1923 291 1966 Italia
333 1931 509 1990 propter
554 1931 844 1967 content1ones
883 1923 1180 1980 Papiensium3
1230 1921 1389 1964 multae
1434 1937 1582 1964 eorum

87 1979 294 2023 eeclesiae
338 1996 383 2022 1n
426 1981 608 2023 circuitu
652 1995 750 2022 cum
794 1980 898 2036 ipsis
935 1978 1116 2021 castellis
1147 1980 1347 2021 incensae
1378 1985 1495 2032 sunt,
1540 1984 1583 2021 et

86 2035 272 2094 populus
317 2037 392 2094 qui
434 2036 533 2079 illuc
581 2037 828 2093 confugerat
880 2036 979 2092 igne
1023 2043 1065 2078 et
1105 2034 1247 2092 gladio
1294 2035 1440 2091 periit;
1490 2035 1583 2091 agri

87 2093 242 2136 vastati
270 2099 392 2147 sunt,
434 2094 584 2136 vineae
614 2091 943 2146 truncabantur,
990 2092 1154 2134 exitum
1185 2098 1226 2134 et
1255 2091 1475 2134 introitum
1503 2106 1582 2133 rex

87 2148 387 2207 prohibebatc,
418 2149 638 2206 navigium
668 2148 865 2202 abstulit,
895 2148 1174 2190 mercimonia
1202 2148 1363 2201 vetuit,
1415 2148 1485 2190 etd
1522 2147 1583 2189 ita

86 2220 166 2263 per
193 2205 441 2248 biennium⁴
471 2220 618 2248 omnes
647 2205 896 2247 Ticinenses
927 2203 1102 2258 afflixit,
1134 2204 1270 2246 donec
1300 2204 1443 2246 omnia
1473 2217 1582 2260 quae

87 2262 330 2319 praecepite
363 2263 478 2304 omni
508 2261 708 2304 dilatione
738 2260 978 2318 postposita
1008 2259 1341 2316 compleverant.

107 2384 118 2419 )
207 2346 237 2381 a)
253 2347 351 2412 irediit
371 2348 400 2374 2.
471 2346 502 2381 b)
524 2347 566 2372 ita
589 2348 614 2374 1.
634 2346 746 2379 Zwetl.;
767 2346 927 2373 Vercellas
950 2346 976 2371 2.
1052 2343 1080 2378 c)
1102 2344 1285 2377 perhibebat
1306 2345 1333 2370 1.
1405 2342 1436 2378 d)
1459 2345 1533 2370 deest
1555 2346 1582 2371 1.

88 2392 105 2412 e
139 2393 250 2419 percep
266 2388 278 2412 t
300 2389 327 2414 1.

215 2449 250 2494 1)
277 2450 465 2494 Kempten‚
493 2449 594 2483 cuius
626 2449 735 2483 abbas
757 2448 995 2483 Burchardus
1009 2448 1045 2482 d.
1064 2448 1120 2482 15,
1133 2459 1177 2481 m.
1193 2446 1406 2490 Septembris
1422 2459 1454 2481 a.
1473 2448 1580 2481 1026.

89 2505 248 2534 mortuus
275 2504 335 2534 est.
443 2499 482 2543 2)
521 2499 628 2532 Hunc
665 2509 708 2533 ex
741 2497 1069 2538 Aledramidarum,
1109 2497 1208 2530 illum
1251 2508 1294 2530 ex
1325 2495 1581 2531 otbertinorum

86 2552 187 2593 yenle
213 2548 415 2582 oriundum.
529 2548 567 2592 3)
608 2547 719 2581 ‘Villa
747 2553 870 2581 nostra
903 2545 1000 2580 Urbe'
1027 2545 1216 2589 diplomate
1250 2546 1404 2579 Widonis
1430 2546 1582 2589 impera-

89 2596 175 2632 torio
202 2609 237 2631 a.
253 2596 492 2631 891.Bod0m·
517 2598 676 2640 episcopo
702 2596 862 2640 Aquensi
887 2596 1061 2636 donatum
1095 2595 1252 2638 capellae
1278 2595 1327 2628 ‘in
1354 2600 1444 2628 corte
1478 2593 1582 2628 Urba'

81 2647 266 2690 sumdatae
291 2646 418 2680 mentio
434 2647 479 2690 fit
503 2645 542 2679 in
568 2646 758 2689 diplomate
783 2645 947 2679 Heinrici
973 2644 1049 2685 HI,
1079 2656 1112 2678 α.
1130 2645 1236 2678 1039.
1271 2642 1408 2677 Widom'
1425 2642 1584 2687 Aquensi

91 2706 272 2736 concess&
298 2696 404 2728 ‘nunc
429 2695 547 2729 Bocca
573 2693 784 2736 Grimalda'‚
811 2693 861 2727 ait
887 2705 919 2728 v.
938 2694 978 2729 cl.
999 2692 1190 2734 Moriondi,
1219 2692 1378 2726 Monum-
1401 2691 1584 2736 Aquensia

91 2745 155 2778 col.
183 2746 217 2778 3.
317 2743 357 2787 4)
386 2743 584 2787 Imperator
608 2743 669 2777 vim
696 2755 829 2776 annum
854 2748 1072 2786 etquattuor
1089 2753 1222 2776 menses
1239 2741 1278 2775 in
1300 2741 1408 2775 Italia
1425 2747 1583 2775 moratus

92 2798 162 2833 οδω
190 2799 294 2837 atque
318 2805 403 2827 'num
423 2792 616 2836 Papiemes
627 2793 807 2835 palatium
832 2792 960 2826 incra
986 2792 1106 2825 urbem
1130 2789 1452 2834 reaedificaverint,
1478 2791 1584 2825 valde

91 2841 239 2877 dubiam
262 2848 336 2883 esl,·
361 2853 554 2885 numquam
579 2846 706 2884 postea
732 2841 868 2884 palatii
899 2842 996 2874 intra
1029 2851 1149 2875 muros
1175 2840 1370 2883 Papienses
1397 2839 1585 2874 constructi

81 2892 129 2936 fit
153 2892 293 2926 mentio.
