1864 3250
178 354 241 396 51’.

183 964 244 1007 6¹¹.

186 1959 248 2003 8b.

191 2568 253 2611 91'.

116 2858 260 2886 Frvhner.

215 2819 246 2854 a)
267 2821 310 2846 ita
330 2821 476 2847 emendavi
483 2829 493 2853 ;

476 239 755 273 CANTILENA
782 238 835 272 IN
863 237 1208 271 CHUONRADUM
1235 237 1285 270 11.

276 352 408 397 Ortus
438 366 618 394 avorum
733 357 957 394 stemmate
987 363 1151 405 regum,

272 424 351 467 per
378 408 557 450 iunioris
669 407 830 464 gradus
860 406 983 449 etatis

272 463 526 523 proficiebat
552 464 683 520 regiis
797 462 988 505 moribus
1019 467 1061 504 et
1088 461 1225 516 factis,

273 528 323 564 ut
350 520 551 578 probavit
579 526 768 562 eventus.

232 633 242 642 .
276 601 380 644 Tiro
409 601 530 643 fortis
645 606 687 643 et
715 599 866 652 fidelis,

275 672 430 715 passus
461 656 605 713 plures
720 656 871 697 mundi
900 654 1082 709 labores,

306 715 616 770 ropinquorum
647 727 797 755 causas
827 718 869 754 et
897 713 1148 760 amicorum,

275 729 390 813 ssaud
421 784 544 812 secus
574 775 733 826 atque¹³¹
763 783 876 821 suas,

275 826 540 869 desideravit
653 825 818 867 cunctis
847 823 1012 867 viribus
1042 825 1188 867 iuvare

277 897 355 940 pro
385 881 679 938 possibilitate.

278 964 408 1006 Pater
437 969 486 1004 ut
514 977 639 1004 suum
753 961 888 1003 nutrit
916 966 1076 1014 natum,

276 1033 391 1062 nunc
419 1018 646 1072 adolando,
764 1033 879 1059 nunc
908 1016 1178 1074 flagellandO,

277 1081 552 1132 tempestates
582 1074 732 1116 mundi
767 1089 845 1130 per
873 1074 1014 1116 varias

279 1131 473 1175 Christus
501 1130 616 1172 hunc
646 1130 860 1186 probavit,

278 1195 326 1230 ut
355 1187 573 1229 didicisset
686 1201 824 1242 prona
853 1187 1025 1242 pietatis
1056 1185 1171 1229 scala

277 1242 620 1287 condescendere
650 1243 748 1285 reis.

234 1360 244 1369 .
277 1325 384 1367 Post
412 1324 608 1366 Heinrici
636 1330 830 1378 mortem,

280 1381 396 1424 omni
425 1379 680 1422 deflendam.

277 1438 402 1494 gregi
430 1435 749 1490 catholicorum,

237 1551 247 1560 .
283 1518 412 1559 Hunc
442 1532 520 1559 rex
548 1530 701 1573 regum
728 1514 863 1557 fidum

281 1572 559 1617 eeclesiarum

278 1630 404 1672 iussit
431 1629 520 1671 fore
549 1634 791 1686 patronum.

235 1743 245 1753 .
278 1710 407 1752 Hunc
436 1709 620 1751 Romani
734 1709 1001 1765 principatus
1037 1708 1181 1750 cuncti

279 1781 383 1808 mox
413 1766 578 1821 elegere
609 1763 691 1807 sibi

279 1822 548 1864 defensorem
663 1826 706 1863 et
734 1827 1098 1877 propugnatorem

279 1878 434 1921 fortem
464 1876 813 1920 orthodoxorum.

284 1958 485 2002 Gaudent
514 1973 662 2001 omnes
782 1958 1118 2014 circumquaque
1149 1962 1312 2013 gente-⁶3,

282 2015 443 2071 gratias
475 2014 645 2057 Christo
676 2014 838 2068 dantes,

282 2071 355 2128 qui
384 2070 612 2112 viduarum
725 2077 855 2127 atque
883 2069 1144 2127 pupillorum

281 2127 402 2169 audit
430 2141 557 2169 voces
590 2141 775 2169 suorum.

238 2241 247 2250 .
278 2206 387 2263 Age,
417 2207 558 2263 gaude
587 2207 737 2261 Roma,
852 2205 1026 2248 urbium
1055 2205 1225 2261 domna,

283 2277 380 2305 cum
411 2278 622 2306 consensu
734 2263 834 2306 cleri
864 2263 1020 2305 devoto

282 2325 324 2362 te
354 2319 574 2362 Cuonradi
686 2327 918 2377 praecepto
949 2319 1089 2373 subdi,

283 2376 357 2433 qui
385 2391 472 2418 non
500 2382 665 2419 tantum
695 2391 808 2430 suas,

285 2431 363 2474 sed
391 2432 588 2474 affective
618 2433 810 2474 omnium
840 2431 1109 2474 subditorum

285 2489 423 2544 querit
451 2487 668 2532 utilitates,

287 2567 358 2610 Ad
387 2567 492 2610 haec
521 2568 792 2626 publicarum
905 2568 1152 2625 principesb
1182 2582 1326 2610 rerum

286 2630 328 2666 et
356 2625 522 2680 private
635 2625 769 2667 dediti
798 2624 898 2679 vite,

284 2681 377 2722 iure
405 2681 510 2723 tenti
623 2681 836 2736 familiari,

284 2737 416 2778 vitam
448 2742 489 2779 et
518 2735 698 2779 salutem

1567 238 1612 270 79

1632 1313 1721 1339 1024.

1630 1353 1692 1380 Iul.
1718 1353 1766 1380 13.

1630 1725 1715 1759 Sept.
1737 1725 1766 1753 8.

1631 2194 1718 2221 1027.

1631 2235 1721 2261 Mart.
1744 2233 1794 2260 26.

515 2828 588 2854 ergo
610 2822 687 2853 cod‚‚·
710 2828 802 2854 quam
819 2821 975 2855 proposuit
996 2821 1083 2854 Jaffe'.
1146 2821 1178 2855 b)
1201 2822 1334 2855 principi
1356 2821 1436 2852 cod.,·
1459 2818 1619 2845 emendavit
