1864 3250
0 0 14 20 P

0 27 15 167 J}

0 181 5 225 ξ
24 208 26 210 ,

0 229 14 319 5

0 323 5 344 i

401 240 612 276 WIPONIS
639 240 795 275 GESTA
823 240 1113 276 CHUONRADI
1139 241 1239 276 IMP.
1520 243 1565 276 31

70 367 170 396 cum
199 368 245 397 se
273 353 551 397 intellexisset
579 367 606 394 a
635 354 721 395 suis
752 352 920 408 dimitti,
950 353 1041 395 sine
1072 353 1188 395 omni
1215 354 1415 410 pactione
1434 354 1667 411 impe-102⁷.

69 410 203 453 ratori
231 425 276 453 se
305 408 492 452 reddidit
506 418 540 464 ¹3
583 423 712 466 quem
749 422 896 451 caesar
934 409 978 450 in
1009 409 1241 451 Saxoniam
1273 409 1438 452 exulari
1465 410 1568 454 fecit

70 481 201 524 super
230 465 446 524 quandam
481 480 634 522 rupem
703 479 782 507 uae
824 464 1174 508 Gibichenstein²
1206 465 1380 521 dicitur,
1423 472 1471 508 ut
1506 467 1567 510 ibi

71 522 306 579 castigatus
334 536 361 564 a
387 521 619 565 rebellione
648 536 677 563 u
693 521 821 564 terius
851 520 1075 564 desineret.

69 627 140 671 21.
199 627 354 682 Quod
389 641 482 670 rex
511 625 857 724 Burgufiidiale
887 626 1202 682 imperatori
1233 628 1565 671 occurrebat

730 695 810 724 as1
843 695 948 724 eae.

182 751 423 809 Imperator
458 750 744 808 pertransiens
775 748 1097 805 Alamanniam,
1139 756 1343 793 cunctosa
1380 752 1454 808 qui
1483 751 1565 794 sibi
1577 763 1657 798 Aug.

69 806 249 851 rebelles
285 807 453 850 fuerant
490 807 536 848 in
564 806 823 849 deditionem
853 806 1028 862 recepit,
1061 814 1102 849 et
1131 808 1388 850 munitiones
1419 821 1565 850 eorum

70 863 244 918 deiecit3
276 870 319 906 et
346 863 599 920 perveniens
629 877 765 919 usque
795 861 851 904 ad
870 861 1098 917 Basileam,
1128 863 1389 906 Ruodolfum
1419 878 1563 920 regem

69 919 346 976 Burgundiae
374 919 614 975 alloquitur,
652 920 726 976 qui
755 917 841 960 illic
871 918 952 961 sibi
983 919 1234 962 occurrebat
1263 925 1386 962 extra
1414 921 1564 963 urbem

69 976 193 1018 iuxta
221 976 365 1018 vicum
396 976 470 1032 qui
495 975 772 1017 Mittenzab·³
801 974 979 1028 dicitur3
1009 981 1051 1017 et
1079 974 1223 1018 habito
1252 975 1452 1018 familiari
1481 976 1565 1019 col-

0 1080 4 1083 ,
68 1030 227 1098 loquio,
256 1031 488 1088 imperator
516 1046 663 1087 regem
693 1045 838 1073 seeum
870 1030 995 1073 duxit
1013 1031 1059 1072 in
1077 1031 1242 1074 urbem.
1303 1032 1566 1075 Confirmata

68 1095 181 1132 mter
208 1102 282 1130 eos
347 1101 444 1140 ace,
491 1086 636 1129 Gisela
675 1087 946 1143 imperatrice
985 1087 1091 1129 haec
1128 1089 1270 1130 omnia
1309 1089 1563 1143 mediantee,

69 1158 201 1201 regno
233 1159 287 1186 ue
347 1142 586 1199 urgundiae
616 1143 862 1198 imperatori
890 1143 1046 1185 tradito
1076 1142 1228 1186 eodem
1247 1151 1388 1201 pacto,
1419 1160 1564 1201 quem-

69 1200 198 1243 admo
230 1214 304 1241 um
332 1200 451 1257 prius
482 1199 742 1241 antecessori
777 1214 853 1241 suo
884 1199 1089 1241 Heinrico
1128 1200 1378 1257 imperatori
1417 1201 1562 1245 datum

68 1255 219 1311 fuerat,
248 1270 327 1299 rex
355 1256 507 1298 iterum
539 1255 661 1297 donis
690 1254 931 1312 ampliatus,
964 1270 1059 1297 cum
1082 1256 1170 1298 suis
1199 1271 1395 1300 reversus
1426 1264 1490 1301 est
1518 1258 1564 1299 in

68 1311 378 1368 Burgundiam.
437 1311 678 1368 Imperator
721 1326 823 1354 vero
870 1311 1133 1354 descendens
1177 1327 1255 1368 per
1283 1313 1481 1356 Rhenum
1518 1314 1562 1355 in

68 1369 299 1412 Franciam
333 1368 471 1418 venit,
517 1366 664 1424 ibique
694 1367 783 1410 dux
816 1367 1012 1422 Ghuono,
1046 1367 1250 1425 patruelis
1288 1369 1401 1423 eius,
1442 1371 1562 1427 prius

67 1423 251 1476 rebellis,
281 1439 326 1466 se
354 1423 561 1477 reddidit3
592 1439 719 1480 quem
748 1424 981 1480 imperator
1009 1424 1053 1465 in
1081 1423 1226 1467 liberis
1257 1426 1461 1468 custodiis
1491 1425 1564 1468 ali-

69 1479 322 1538 quantulum
353 1480 591 1536 castigavit,
623 1480 936 1537 destructisque
966 1480 1274 1523 munitionibus
1304 1483 1413 1536 suis,
1455 1497 1561 1539 quas

70 1537 252 1594 optimas
282 1535 443 1590 habuit,
472 1537 518 1577 in
537 1537 720 1592 gratiam
740 1535 860 1578 illum
880 1537 1055 1592 recepit,
1085 1538 1337 1594 totumqued
1359 1538 1563 1581 honorem

69 1607 196 1636 suum
239 1591 322 1634 sibi
364 1592 557 1635 restituit.
622 1591 755 1634 Paulo
799 1599 922 1649 post4
966 1591 1210 1635 Adalberoe
1255 1593 1345 1635 dux
1382 1594 1564 1637 Histria-

69 1662 223 1692 norum
253 1649 344 1691 sive
375 1647 738 1703 Carintanorumf,
769 1663 866 1691 reus
896 1650 1131 1691 maiestatis
1161 1650 1314 1704 victus,
1345 1649 1399 1692 ab
1429 1652 1562 1707 impe-

0 1748 7 1761 ,
68 1712 210 1748 ratore
257 1719 355 1747 cum
393 1703 492 1746 filiis
534 1704 622 1746 suis
661 1704 859 1747 exulatus
896 1711 981 1759 est,
1026 1712 1068 1748 et
1104 1705 1307 1748 ducatum
1352 1708 1443 1749 eius
1482 1708 1562 1750 iste

71 1760 251 1805 Chuono
290 1759 345 1802 ab
374 1760 630 1817 imperatore
661 1762 868 1817 suscepit3
910 1776 1036 1817 quem
1067 1761 1270 1804 ducatum
1302 1769 1425 1819 pater
1454 1763 1563 1805 eius-

71 1816 170 1860 dem
191 1815 439 1859 Chuononis
466 1816 630 1859 dudum
649 1815 849 1859 habuisse
870 1817 1130 1882 perhibetur.
1184 1818 1252 1861 Ita
1277 1818 1367 1861 dux
1383 1818 1562 1861 Chuono

69 1873 179 1915 fidus
209 1878 252 1916 et
277 1871 387 1915 bene
417 1872 603 1915 militans
642 1872 890 1929 imperaton
927 1879 969 1916 et
997 1872 1084 1915 filio
1115 1888 1192 1916 suo
1222 1873 1429 1917 Heinrico
1459 1876 1563 1933 regi,

70 1942 294 1986 quousque
322 1929 492 1971 vixerat
505 1936 533 1983 ⁵,
563 1929 810 1985 permansit.

181 2034 250 2076 22.
307 2034 384 2076 De
418 2033 696 2090 legatione
735 2034 984 2090 episcopi
1016 2032 1451 2090 Argentinensis.

181 2101 351 2144 Eodem
388 2107 580 2157 tempore
617 2100 913 2144 Werinharius
952 2102 1215 2158 Argentinae
1250 2103 1433 2145 civitatis
1478 2104 1564 2161 epi-

70 2171 228 2222 scopus
281 2156 335 2200 ab
387 2159 643 2214 imperatore
692 2157 858 2213 legatus
904 2156 1320 2215 Constantinopolim
1368 2160 1562 2202 mittitur.

71 2212 157 2267 Qul
195 2214 297 2256 dum
327 2227 457 2256 causa
487 2214 690 2265 orationis
718 2213 1051 2256 Hierosolimam
1080 2229 1260 2271 pergere
1291 2230 1336 2257 se
1366 2215 1561 2272 fingeret,

69 2274 118 2312 ut
144 2275 375 2326 putamus&

291 2325 456 2368 Iudicio
486 2325 676 2380 Domini,
708 2340 835 2382 quem
864 2324 1008 2368 fallere
1037 2340 1163 2369 nemo
1193 2326 1365 2381 valebit,

69 2379 320 2424 mirabiliter
359 2381 599 2438 prohibitus
636 2388 712 2424 est.
770 2381 879 2424 Nam
926 2381 1027 2424 dum
1072 2397 1277 2439 inagnum
1314 2383 1563 2426 comitatum

69 2435 302 2491 hominum,
332 2439 538 2481 maiorem
569 2438 768 2495 quoqueh
798 2443 1014 2480 mutorum
1044 2438 1313 2494 animalium,
1344 2453 1563 2496 equorum,

188 2532 219 2568 a)
249 2535 436 2566 cunctosque
464 2534 517 2566 qui
540 2535 566 2561 1.
648 2532 680 2567 b)
711 2534 863 2561 Mittenha
886 2535 911 2561 1.
935 2536 963 2561 2.
1045 2534 1073 2570 c)
1100 2536 1268 2562 meditante
1291 2536 1319 2563 2.
1400 2534 1431 2569 d)
1454 2538 1563 2562 totum-

70 2579 130 2605 que
162 2573 195 2599 iu
220 2573 250 2600 h.
280 2574 308 2600 2.
408 2571 437 2606 e)
470 2573 624 2600 Adelbero
656 2575 682 2600 1.
714 2575 746 2606 23
778 2573 892 2601 Albero
921 2574 1011 2600 Zwetl.
1112 2574 1136 2609 f)
1169 2575 1447 2602 Karinthianorum
1468 2576 1560 2602 Zwetl.

69 2610 102 2645 ς)
123 2613 300 2645 putavimus
322 2613 349 2638 2.
428 2611 460 2646 h)
482 2619 636 2645 quamque
659 2615 685 2640 1.

195 2692 232 2736 1)
271 2691 418 2727 Sallust.
446 2692 529 2737 Juq.
558 2705 585 2727 c.
613 2694 679 2727 62:
723 2697 800 2728 sine
834 2695 909 2728 ulla
953 2696 1121 2739 pactione
1165 2707 1245 2730 sese
1271 2707 1492 2740 regnumque
1526 2698 1563 2730 in

69 2740 166 2775 illius
191 2740 298 2775 fidem
326 2741 479 2776 tradere.
581 2741 620 2786 2)
646 2754 762 2786 prope
786 2744 935 2778 Halam.
962 2743 1003 2778 P.
1113 2743 1152 2788 3)
1184 2745 1343 2779 Muttenz
1371 2757 1394 2779 a
1419 2744 1565 2779 meridie

70 2795 103 2824 et
127 2789 258 2825 oriente
284 2789 456 2824 Basiliae.
483 2789 525 2824 P.
610 2790 651 2834 4)
687 2803 722 2826 a.
752 2793 865 2835 1035;
891 2805 924 2828 v.
950 2791 1051 2838 infra
1077 2806 1105 2828 c.
1124 2794 1185 2828 33.
1211 2793 1255 2829 Ρ.
1331 2793 1371 2838 5)
1398 2794 1562 2827 Mortuus

70 2843 120 2874 eet
145 2839 181 2874 d.
209 2840 269 2873 20.
295 2851 342 2873 m.
368 2838 457 2872 Iulii
483 2850 516 2873 a.
547 2839 653 2873 1039.
