1864 3250
528 230 739 265 WIPONIS
765 230 1097 265 TETRALOGUS.
1524 231 1570 264 5¹7

152 344 200 388 Si
228 358 337 401 puer
365 350 408 387 et
435 344 603 386 iuvenis
633 344 695 386 sic
725 342 870 385 floruit
900 342 1100 385 omnibus
1130 342 1250 396 actis,

150 401 270 454 Quos
299 400 420 443 dabit
447 399 516 442 hic
544 399 706 442 fructus
736 405 904 441 maturo
934 406 1126 455 tempore
1157 397 1343 440 ductus?

150 457 353 513 Pangite3
383 457 607 498 materiam
637 471 715 498 rex
744 461 933 512 praestat
959 454 1162 497 laudibus
1192 462 1359 512 aptam3

70 524 120 560 10
151 513 242 556 Vos
271 511 430 555 dictate
459 512 576 567 mihi,
607 512 814 554 dictatum
845 512 1054 567 scripsero
1084 512 1229 553 vestri.

710 615 928 659 MUSAE.

150 686 371 743 Principio
400 686 510 742 Regi
539 684 834 728 benedicimus
865 685 1187 741 omnipotenti1,

153 742 241 796 Qui
269 748 401 799 caput
429 749 493 784 est
520 756 686 797 regum,
723 755 808 798 quo
837 740 975 797 gloria
1005 741 1159 783 crescit
1189 755 1350 793 eorum,

127 822 129 824 -
153 799 240 853 Qui
268 799 397 841 Pater
425 799 468 839 in
497 797 608 840 Nato
639 798 800 854 pariter
829 812 927 838 cum
956 798 1193 840 Pneumate
1224 803 1370 839 sancto

151 855 270 911 Lege
299 854 379 896 sub
409 860 582 897 aeterna
611 853 811 896 dominus
840 853 1040 910 regnabit
1070 860 1112 896 et
1140 853 1272 907 ultra3

72 922 120 957 15
153 911 284 956 Hunc
313 911 384 967 pie
412 909 647 962 laudemus,
676 925 777 952 nam
806 925 1019 951 summam
1047 908 1185 951 laudis
1215 909 1441 964 habemus3

151 967 249 1009 Hoc
278 967 435 1010 habeat
462 982 632 1021 munus,
664 967 738 1023 qui
767 973 919 1022 regnat
948 966 1083 1008 trinus
1114 972 1156 1008 et
1185 981 1308 1008 unus.

153 1023 236 1066 *At
262 1038 343 1066 rex
369 1029 514 1066 noster
543 1023 684 1076 homo,
717 1022 875 1064 ditatus
905 1029 1080 1079 perpete
1111 1022 1237 1076 dono,
1586 1039 1637 1074 η),
1661 1040 1728 1069 248.

153 1079 323 1122 Tertius
353 1079 596 1132 Heinricus‚
626 1079 833 1120 virtutum
861 1085 1012 1135 regnat
1041 1079 1218 1131 amicus,

153 1134 276 1178 Alter
303 1142 402 1192 post
431 1135 650 1178 Christum
680 1136 792 1190 regit
822 1134 969 1176 orbem
1000 1135 1171 1176 circiter
1200 1135 1343 1176 istum.

70 1202 122 1238 20
153 1192 176 1234 I
209 1207 304 1234 sum
333 1190 569 1245 laudemus,
598 1206 698 1232 nam
729 1205 880 1233 causas
909 1190 1048 1232 laudis
1078 1190 1310 1244 habemus3

194 1255 212 1291 t
239 1249 336 1305 pius
364 1247 593 1290 Heinricus
623 1262 701 1304 per
728 1261 806 1289 nos
836 1247 964 1289 modo
995 1247 1049 1289 sit
1078 1246 1345 1301 benedictus,

152 1303 363 1347 Versibus
392 1304 604 1360 imprimis
633 1305 815 1361 repetito
846 1304 1016 1346 nomine
1046 1304 1174 1358 regis,

153 1360 215 1403 Ut
243 1360 438 1418 quotiens
469 1361 605 1402 sancti
635 1366 813 1415 surgant
845 1374 924 1416 pro
954 1374 1056 1415 rege
1085 1360 1240 1413 vocati,

154 1417 252 1459 Rex
277 1417 434 1459 totiens
465 1416 636 1459 Christo
667 1416 836 1472 placeat
864 1416 917 1458 de
946 1416 1118 1458 nomine
1147 1416 1307 1457 mixto!

72 1484 124 1518 25
155 1473 253 1516 Rex
280 1472 496 1523 Heinrice,
528 1473 624 1515 Deo
654 1487 804 1528 regum
833 1471 1119 1514 karissimusa
1149 1472 1260 1514 esto!

155 1529 252 1572 Rex
280 1528 498 1582 Heinrice,
560 1530 626 1571 iae
655 1528 908 1570 karissimus
939 1534 1028 1570 esto
1058 1528 1243 1570 Mariae!

153 1585 251 1628 Rex
278 1585 494 1639 Heinrice,
555 1586 626 1626 uei
655 1583 835 1627 dilectus
865 1585 922 1626 sis
951 1583 1234 1626 Michaheli!b

154 1641 251 1684 Rex
279 1642 495 1693 Heinrice,
526 1640 636 1698 polis
667 1640 940 1697 splendescas
970 1640 1085 1683 fonte
1114 1640 1337 1683 Iohannis!
1356 1649 1371 1669 ⁰

154 1698 251 1740 Rex
279 1698 497 1752 Heinrice,
527 1704 624 1739 tuus
657 1698 712 1739 sit
739 1697 895 1739 ianitor
923 1696 1093 1739 aethere
1123 1697 1297 1739 Petrus!

75 1763 125 1797 30
156 1754 253 1796 Rex
280 1753 500 1807 Heinrice,
530 1752 633 1795 boni
662 1759 704 1795 te
734 1753 876 1796 firmet
905 1752 1086 1809 epistola
1114 1752 1258 1795 Pauli!

155 1810 252 1852 Rex
280 1810 499 1864 Heinrice,
529 1815 627 1852 tuos
657 1809 854 1852 Andreas
885 1809 1042 1866 dirigat
1071 1810 1214 1851 actus!

155 1867 252 1909 Rex
280 1866 497 1920 Heinrice,
561 1881 680 1908 reces
710 1866 819 1908 hasd
849 1873 970 1908 curet
997 1866 1121 1921 virgo
1152 1865 1387 1908 Iohannes!
1406 1874 1422 1894 θ

155 1923 252 1965 Rex
281 1923 497 1976 Heinrice,
566 1922 715 1964 homas
745 1929 786 1964 te
815 1929 954 1964 vertat
983 1922 1028 1963 in
1058 1937 1183 1963 omne
1215 1922 1330 1978 quod
1360 1928 1424 1964 est
1452 1922 1535 1964 fas!

154 1979 251 2021 Rex
279 1979 494 2032 Heinrice,
524 1987 625 2021 tuus
655 1979 709 2020 sit
738 1978 889 2020 ductor
917 1978 973 2020 ad
1003 1977 1089 2020 alta
1117 1977 1366 2034 Philippus!

75 2044 124 2078 35
156 2034 253 2077 Rex
281 2035 496 2085 Heinrice,
559 2050 652 2077 ares
681 2034 830 2077 Iacobi
859 2035 943 2076 sint
971 2041 1012 2077 te
1042 2034 1321 2076 redimentes!

155 2091 252 2133 Rex
281 2091 496 2145 Heinrice,
573 2106 622 2134 eo
652 2090 836 2148 placeas,
867 2091 1079 2133 tribuente
1107 2090 1347 2132 Mathaeof!

155 2147 251 2189 Rex
280 2147 498 2201 Heinrice,
529 2154 649 2190 tuam
682 2147 831 2189 Simon
861 2147 1106 2190 corroboret
1134 2146 1299 2188 aulam!

156 2203 252 2246 Rex
281 2203 499 2258 Heinrice,
561 2205 647 2245 iam
677 2202 936 2245 Thaddaeus
966 2203 1039 2245 det
1069 2203 1147 2245 tibi
1176 2204 1333 2245 vitam!

158 2259 254 2302 Rex
282 2259 500 2313 Heinrice,
529 2219 676 2302 Reum
705 2266 852 2302 teneas
881 2274 959 2316 per
987 2258 1388 2301 Bartholomaeum!

76 2325 126 2359 40
157 2315 254 2358 Rex
281 2315 496 2370 Heinrice,
526 2317 618 2358 vias
647 2314 726 2358 tibi
755 2330 858 2372 prae
892 2323 983 2357 aret
1013 2330 1085 2358 ore
1114 2315 1319 2358 Mathias!

157 2371 254 2414 Rex
282 2372 365 2428 pie,
397 2387 497 2414 cum
528 2371 602 2415 Ste
635 2371 748 2413 hano
779 2372 835 2413 sis
882 2378 1002 2413 aetus
1033 2386 1202 2428 semper
1230 2373 1275 2413 in
1306 2371 1404 2427 alto,

158 2427 306 2484 Teque
335 2443 461 2485 pares
492 2428 596 2485 Step
628 2428 699 2470 ani
727 2427 984 2471 benedicant
1013 2427 1161 2471 ordine
1192 2428 1350 2470 cuncti!

158 2483 255 2526 Rex
284 2484 408 2538 bone,
440 2483 647 2527 Silvester
675 2483 755 2526 tibi
785 2485 838 2526 sit
866 2498 944 2540 per
974 2485 1145 2526 saecula
1175 2484 1338 2539 dexter,

158 2539 306 2596 Teque
336 2541 403 2581 sui
433 2541 538 2583 socii
567 2540 825 2584 benedicant
855 2539 1002 2583 ordine
1033 2541 1194 2582 cuncti!

77 2605 126 2639 45
157 2595 412 2652 Virginibus
442 2597 573 2639 sacris
603 2596 772 2654 placeas
803 2612 857 2639 ex
889 2596 1088 2639 omnibus
1119 2598 1243 2640 actis!

193 2710 223 2744 a)
247 2711 444 2738 charissimus
465 2711 508 2738 ed.
589 2709 621 2744 b)
653 2712 799 2739 Michaeli
820 2713 863 2738 cd.
947 2710 974 2745 c)
998 2712 1125 2738 Ioannis
1147 2713 1188 2738 ed.
1272 2712 1302 2746 d)
1325 2712 1379 2738 hos
1402 2713 1461 2745 ed.,·
1483 2719 1574 2738 emen-

75 2750 144 2776 dam'
163 2758 223 2783 eqo.
306 2750 335 2785 e)
357 2751 493 2778 loannes
514 2751 556 2778 ed.
637 2750 662 2784 f)
680 2752 836 2778 Matthaeo
857 2752 899 2778 ed.

202 2839 240 2880 1)
268 2838 322 2883 cf.
351 2839 452 2883 Very.
479 2839 598 2883 Ecloy.
625 2839 702 2882 III,
730 2841 797 2874 60:
823 2842 878 2875 Ab
905 2842 990 2874 Iove
1017 2842 1231 2885 principium
1256 2841 1395 2874 Musae.
