1864 3250
159 1599 211 1635 *p.
237 1602 303 1630 275.

316 247 363 279 46
649 248 860 282 WIPONIS
888 248 1043 282 GESTA
1070 249 1360 284 CHUONRADI
1384 251 1483 285 IMP.

316 358 401 400 Pro
432 373 516 414 quo
548 358 723 414 quidam
753 358 805 399 de
827 359 982 400 nostris
995 367 1006 388 ¹
1040 359 1293 402 cantilenam
1322 360 1672 404 lamentationum
1700 362 1811 406 fece·

316 420 395 467 rat,
426 427 553 470 quam
584 421 736 470 postea
771 413 858 455 filio
894 428 969 455 suo
999 414 1202 457 Heinrico
1231 417 1323 472 regi
1350 418 1396 458 in
1427 417 1679 461 Constantia
1707 419 1810 461 eivi-

316 476 403 511 tate
433 469 743 525 praesentavit3
790 484 895 525 quas
923 468 1247 513 lamentationes
1274 472 1358 526 hic,
1389 474 1590 538 quoniam
1619 473 1811 518 eiusdem

317 525 458 580 operis
488 532 598 579 sunt,
627 525 813 567 inserere
842 539 929 566 non
959 526 1243 581 incongruum
1271 534 1529 583 putavlmus.

374 630 443 670 40.
501 629 703 671 Versus
734 644 828 686 pro
860 629 1011 672 obitu
1043 629 1362 674 Chuonradi
1390 633 1760 688 imperatoris.

489 697 575 750 Qui
608 711 760 738 vocem
797 697 949 740 habeta
984 713 1198 753 serenam,
1254 700 1364 741 hanc
1411 700 1601 756 proferat
1641 700 1813 744 cantile-

1483 770 1583 797 nam

402 809 471 850 De
502 809 645 850 annob
674 808 937 851 lamentabili
1257 816 1299 852 et
1327 810 1514 868 dampno
1542 811 1762 867 ineffabili,

403 865 487 906 Pro
519 873 630 921 quo⁰
660 864 799 906 doletd
830 866 966 906 omnis
995 866 1120 908 homo
1253 866 1487 909 forinsecus
1527 873 1570 909 et
1596 868 1641 909 in
1670 867 1813 924 domo,

405 919 604 976 Suspirat
632 920 818 976 populus
849 920 1079 963 domnume
1250 922 1466 978 vigilando
1516 923 1580 965 etf
1623 938 1702 980 per
1747 939 1812 967 so-

1447 993 1615 1021 mnum:

350 1044 369 1075 5
404 1032 512 1074 ‘Rex
540 1032 661 1074 Deus
673 1039 704 1086 g,
734 1032 855 1074 vivos
886 1038 1005 1074 tuere
1252 1040 1294 1076 et
1323 1033 1532 1076 defunctis
1562 1036 1798 1079 miserere'!

457 1144 584 1184 Anno
616 1158 786 1199 quoque
816 1142 1040 1186 millesimo
1250 1159 1361 1187 nono
1401 1147 1559 1203 atque¹1
1593 1147 1812 1203 trigesimo

402 1199 463 1240 Ai
497 1199 655 1241 Christi
682 1200 902 1242 nativitate
1253 1200 1453 1244 nobilitas
1480 1203 1566 1244 ruit
1592 1201 1689 1257 late,

401 1255 487 1296 Etk
518 1270 666 1298 caesar
695 1262 823 1312 caput
852 1255 1014 1310 mundi,
1252 1264 1294 1300 et
1363 1272 1460 1299 cum
1526 1257 1606 1323 illo·
1667 1257 1812 1315 plures

1452 1328 1621 1368 summ1,

404 1366 622 1409 Occubuit
649 1368 881 1424 imperator
1257 1369 1542 1411 Chuonradus
1552 1370 1576 1424 ¹,
1661 1369 1812 1427 legism

1433 1432 1636 1468 amatorn.

322 1489 370 1523 10
400 1478 496 1520 Rex
525 1478 661 1532 Deus,
691 1480 813 1521 vivos
841 1484 960 1521 tuere
1253 1487 1320 1523 et⁰
1350 1481 1558 1523 defunctis
1587 1482 1810 1526 miserere!

433 1589 625 1632 *Eodem
658 1598 791 1633 verol’
819 1597 1012 1647 tempore
1254 1606 1430 1634 occasus
1458 1591 1540 1636 fuit
1567 1592 1782 1649 gloriaeq:

402 1646 506 1688 Ruit
535 1645 657 1688 stella
685 1647 897 1688 matutina
1254 1647 1544 1690 Chunelindar
1573 1651 1735 1705 regina,

400 1702 501 1743 Heu
532 1708 761 1759 quantum³
792 1702 975 1744 crudelis
1004 1705 1169 1746 annus!
1255 1711 1473 1747 corruerat
1586 1705 1811 1749 Heriman—

1472 1764 1592 1815 nust‚

397 1813 532 1856 Filius
544 1821 561 1840 ¹¹
591 1814 887 1871 imperatricis,
1246 1815 1336 1858 dux
1350 1816 1593 1859 timendusv
1613 1817 1813 1874 inimicis,

320 1880 365 1913 15
398 1870 502 1912 Ruit
541 1869 758 1912 Ohuonow
805 1871 896 1913 dux
924 1871 1205 1927 Francorum,
1249 1878 1291 1914 et
1332 1887 1431 1929 pars
1474 1887 1632 1929 magna
1675 1875 1811 1917 senio-

1463 1943 1560 1970 rum
1571 1937 1604 1971 ¹.

398 1981 494 2023 Rex
522 1982 656 2036 Deus,
686 1983 809 2024 vivos
839 1989 957 2026 tuere
1247 1989 1321 2025 etv
1355 1983 1564 2027 defunctis
1584 1985 1807 2029 miserere!

455 2094 730 2149 Imperatoris
759 2093 896 2150 gloria
1249 2095 1302 2136 sit
1330 2095 1454 2138 nobis
1483 2097 1528 2137 in
1557 2098 1775 2153 memoria,

398 2149 456 2192 Et
484 2150 669 2192 recentiZ
699 2150 914 2192 mentione
1249 2151 1367 2194 vivat
1417 2152 1483 2194 vir
1533 2151 1689 2195 indolis
1731 2153 1807 2196 bo-

1482 2222 1582 2262 nae3

397 2261 523 2304 Fiat*
554 2261 794 2304 dominator
822 2260 983 2318 probus
1250 2262 1490 2319 frequentia
1517 2264 1706 2307 carmine
1734 2279 1808 2308 110-

1483 2334 1584 2374 vus,

432 2430 461 2464 a)
488 2432 580 2457 habet
601 2438 709 2459 vocem
731 2432 759 2458 3.
781 2433 814 2464 43
845 2432 884 2465 cf.
906 2430 992 2465 Jaffd,
1020 2432 1075 2458 Die
1097 2432 1277 2464 Gambridqer
1297 2433 1399 2458 Lieder
1422 2441 1454 2465 p.
1477 2434 1506 2461 4.
1608 2432 1639 2468 b)
1666 2435 1704 2461 de
1724 2442 1807 2463 anno

312 2471 432 2503 demant,-
453 2471 560 2496 lacuna
582 2472 607 2497 1.
679 2470 706 2504 c)
730 2479 784 2504 pro
807 2479 868 2504 quo
889 2472 991 2497 desunt
1013 2472 1040 2499 1.
1064 2472 1090 2498 2.
1162 2469 1193 2504 d)
1217 2474 1248 2497 et
1270 2473 1300 2503 13
1324 2472 1411 2504 luget
1435 2473 1463 2498 2.
1525 2471 1555 2506 e)
1577 2473 1722 2500 damnum
1734 2476 1806 2503 8.4.

313 2509 336 2543 f)
359 2511 432 2535 deest
456 2512 481 2536 1.
505 2511 530 2538 2.
611 2509 642 2543 g)
666 2518 772 2542 regum
795 2512 822 2537 1.
903 2511 935 2546 h)
958 2514 988 2537 et
1010 2512 1038 2538 2.
1119 2509 1142 2544 i)
1165 2511 1202 2536 de
1223 2511 1252 2537 3.
1274 2511 1302 2536 4.
1382 2510 1415 2545 k)
1437 2512 1498 2537 ruit
1516 2513 1544 2538 3.
1559 2512 1587 2539 4.
1657 2511 1680 2547 1)
1701 2514 1806 2541 Kuon—

313 2550 405 2574 radus
428 2550 461 2581 33
495 2549 677 2576 Cuonradus
705 2551 732 2577 4.
834 2549 876 2583 m)
905 2551 1008 2582 legum
1031 2550 1058 2577 3.
1159 2548 1192 2582 n)
1222 2550 1310 2575 dator
1332 2551 1366 2583 3;
1396 2551 1478 2577 lator
1497 2551 1527 2577 Δ..
1629 2551 1659 2587 ο)
1681 2553 1755 2579 dem
1776 2555 1805 2581 1.

312 2587 344 2620 p)
367 2589 431 2614 sere
455 2591 488 2621 23
510 2596 632 2621 quoquc
653 2590 683 2615 4.
769 2589 799 2622 q)
822 2589 956 2621 Angliae
979 2590 1005 2615 1.
1106 2587 1133 2622 r)
1155 2589 1198 2614 ita
1221 2590 1246 2616 1.
1271 2590 1305 2622 23
1338 2589 1476 2616 Gunnild
1497 2590 1530 2623 33
1552 2590 1752 2623 cunegundis
1775 2593 1804 2621 4.

313 2626 338 2660 s)
363 2635 455 2658 quam
478 2628 505 2654 3.
587 2627 611 2661 t)
642 2631 719 2654 cotue
740 2636 839 2654 versus
859 2630 933 2654 deest
954 2629 990 2660 43
1021 2628 1057 2660 ej:
1088 2628 1141 2655 Otc.
1161 2628 1294 2661 Frisinq.
1314 2629 1418 2657 Chron.
1447 2629 1493 2660 VI,
1515 2630 1552 2656 31
1575 2630 1640 2658 im't.
1720 2630 1753 2666 u)
1775 2634 1806 2658 et

312 2666 393 2692 filius
414 2668 443 2693 4.
524 2666 555 2701 v)
578 2668 704 2693 timidus
717 2669 743 2693 1.
757 2669 784 2694 2.
866 2667 907 2701 w)
931 2667 1038 2694 Chuno
1052 2668 1086 2700 23
1107 2668 1198 2693 Kuno
1221 2668 1255 2700 83
1278 2668 1364 2694 Cuno
1386 2669 1414 2694 4.
1495 2667 1528 2702 x)
1550 2669 1755 2701 ingenuorum
1775 2671 1804 2698 8.

311 2705 343 2738 y)
365 2707 438 2731 deest
462 2708 489 2732 1.
504 2708 535 2739 23
557 2707 659 2738 legitur
677 2708 705 2734 3.
718 2708 745 2733 4.
769 2710 793 2732 et
814 2707 858 2732 hic
878 2710 903 2732 et
922 2708 955 2732 in
976 2706 1166 2739 sequentibus.
1216 2705 1244 2740 z)
1268 2714 1304 2733 ac
1325 2708 1541 2740 frequentione
1564 2709 1590 2735 3.
1640 2706 1663 2743 ⁸)
1676 2710 1806 2744 vivnt83

312 2752 414 2770 versus
435 2746 509 2771 deest
529 2747 561 2771 in
582 2747 612 2773 4.
694 2745 724 2779 a)
747 2749 777 2772 et
797 2746 953 2778 frequenti
976 2747 1003 2772 3.

437 2832 473 2876 1)
500 2833 601 2867 Haec
631 2833 706 2867 Octo
732 2832 972 2878 Frisinqe‘nsz‘s
999 2832 1058 2868 lib.
1095 2833 1156 2875 VI,
1184 2846 1213 2868 c.
1241 2834 1299 2867 30.
1327 2833 1500 2868 exscribit.
1549 2834 1591 2868 P.
