<?xml version="1.0" encoding="UTF-8"?>
<!DOCTYPE html PUBLIC "-//W3C//DTD XHTML 1.0 Transitional//EN"
    "http://www.w3.org/TR/xhtml1/DTD/xhtml1-transitional.dtd">
<html xmlns="http://www.w3.org/1999/xhtml" xml:lang="en" lang="en">
 <head>
  <title>
</title>
<meta http-equiv="Content-Type" content="text/html;charset=utf-8" />
  <meta name='ocr-system' content='tesseract 3.04.00' />
  <meta name='ocr-capabilities' content='ocr_page ocr_carea ocr_par ocr_line ocrx_word'/>
</head>
<body>
  <div class='ocr_page' id='page_1' title='image "./gestachuonradiii00wipouoft_0042.png"; bbox 0 0 1864 3250; ppageno 0'>
   <div class='ocr_carea' id='block_1_1' title="bbox 207 445 292 473">
    <p class='ocr_par' dir='ltr' id='par_1_1' title="bbox 207 445 292 473">
     <span class='ocr_line' id='line_1_1' title="bbox 207 445 292 473; baseline 0.012 -1"><span class='ocrx_word' id='word_1_1' title='bbox 207 445 292 473; x_wconf 79' lang='lat'>1026.</span> 
     </span>
    </p>
   </div>
   <div class='ocr_carea' id='block_1_2' title="bbox 158 773 294 809">
    <p class='ocr_par' dir='ltr' id='par_1_2' title="bbox 158 773 294 809">
     <span class='ocr_line' id='line_1_2' title="bbox 158 773 294 809; baseline 0.015 -6"><span class='ocrx_word' id='word_1_2' title='bbox 158 773 205 809; x_wconf 79' lang='lat'>⁸1).</span> <span class='ocrx_word' id='word_1_3' title='bbox 229 776 294 805; x_wconf 72' lang='lat'>265.</span> 
     </span>
    </p>
   </div>
   <div class='ocr_carea' id='block_1_3' title="bbox 307 239 1466 279">
    <p class='ocr_par' dir='ltr' id='par_1_3' title="bbox 307 239 1466 279">
     <span class='ocr_line' id='line_1_3' title="bbox 307 239 1466 279; baseline 0.006 -7"><span class='ocrx_word' id='word_1_4' title='bbox 307 239 352 272; x_wconf 82' lang='lat'>26</span> <span class='ocrx_word' id='word_1_5' title='bbox 636 242 844 277; x_wconf 87' lang='lat' dir='ltr'>WIPONIS</span> <span class='ocrx_word' id='word_1_6' title='bbox 873 243 1026 277; x_wconf 80' lang='lat' dir='ltr'>GESTA</span> <span class='ocrx_word' id='word_1_7' title='bbox 1053 243 1340 279; x_wconf 82' lang='lat' dir='ltr'><strong>OHUONRADI</strong></span> <span class='ocrx_word' id='word_1_8' title='bbox 1365 246 1466 279; x_wconf 86' lang='grc' dir='ltr'><strong>ῙΜΡ.</strong></span> 
     </span>
    </p>
   </div>
   <div class='ocr_carea' id='block_1_4' title="bbox 411 353 1696 410">
    <p class='ocr_par' dir='ltr' id='par_1_4' title="bbox 411 353 1696 410">
     <span class='ocr_line' id='line_1_4' title="bbox 411 353 1696 410; baseline 0.005 -16"><span class='ocrx_word' id='word_1_9' title='bbox 411 353 475 394; x_wconf 83' lang='grc'>13.</span> <span class='ocrx_word' id='word_1_10' title='bbox 534 353 611 395; x_wconf 91' lang='lat' dir='ltr'>De</span> <span class='ocrx_word' id='word_1_11' title='bbox 642 353 920 396; x_wconf 90' lang='lat' dir='ltr'>seditione</span> <span class='ocrx_word' id='word_1_12' title='bbox 952 368 1082 410; x_wconf 91' lang='lat' dir='ltr'>quae</span> <span class='ocrx_word' id='word_1_13' title='bbox 1112 355 1398 399; x_wconf 87' lang='lat' dir='ltr'>Ravennae</span> <span class='ocrx_word' id='word_1_14' title='bbox 1428 356 1575 399; x_wconf 88' lang='lat' dir='ltr'>facta</span> <span class='ocrx_word' id='word_1_15' title='bbox 1604 361 1696 400; x_wconf 84' lang='lat' dir='ltr'>est.</span> 
     </span>
    </p>
   </div>
   <div class='ocr_carea' id='block_1_5' title="bbox 302 426 1796 2327">
    <p class='ocr_par' dir='ltr' id='par_1_5' title="bbox 305 426 1796 927">
     <span class='ocr_line' id='line_1_5' title="bbox 416 426 1796 485; baseline 0.006 -18"><span class='ocrx_word' id='word_1_16' title='bbox 416 426 582 469; x_wconf 88' lang='lat' dir='ltr'>Eodem</span> <span class='ocrx_word' id='word_1_17' title='bbox 613 431 804 482; x_wconf 90' lang='lat' dir='ltr'>tempore</span> <span class='ocrx_word' id='word_1_18' title='bbox 833 441 912 468; x_wconf 86' lang='lat' dir='ltr'>rex</span> <span class='ocrx_word' id='word_1_19' title='bbox 934 426 1216 469; x_wconf 84' lang='lat' dir='ltr'>Ohuonradus</span> <span class='ocrx_word' id='word_1_20' title='bbox 1231 428 1479 472; x_wconf 87' lang='lat' dir='ltr'>Ravennam</span> <span class='ocrx_word' id='word_1_21' title='bbox 1507 430 1693 485; x_wconf 86' lang='lat' dir='ltr'>intravit,</span> <span class='ocrx_word' id='word_1_22' title='bbox 1751 437 1796 475; x_wconf 84' lang='lat' dir='ltr'>et</span> 
     </span>
     <span class='ocr_line' id='line_1_6' title="bbox 307 482 1794 538; baseline 0.006 -16"><span class='ocrx_word' id='word_1_23' title='bbox 307 496 404 523; x_wconf 92' lang='lat' dir='ltr'>cum</span> <span class='ocrx_word' id='word_1_24' title='bbox 434 495 590 538; x_wconf 86' lang='lat' dir='ltr'>magna</span> <span class='ocrx_word' id='word_1_25' title='bbox 619 487 827 537; x_wconf 83' lang='lat' dir='ltr'>potestate</span> <span class='ocrx_word' id='word_1_26' title='bbox 857 482 918 524; x_wconf 91' lang='lat' dir='ltr'>ibi</span> <span class='ocrx_word' id='word_1_27' title='bbox 947 484 1153 538; x_wconf 88' lang='lat' dir='ltr'>regnavit.</span> <span class='ocrx_word' id='word_1_28' title='bbox 1213 483 1409 536; x_wconf 78' lang='lat' dir='ltr'>Quadam</span> <span class='ocrx_word' id='word_1_29' title='bbox 1439 486 1508 529; x_wconf 88' lang='lat' dir='ltr'>die</span> <span class='ocrx_word' id='word_1_30' title='bbox 1538 487 1682 530; x_wconf 90' lang='lat' dir='ltr'>miseri</span> <span class='ocrx_word' id='word_1_31' title='bbox 1710 487 1794 530; x_wconf 82' lang='lat' dir='ltr'>Ra-</span> 
     </span>
     <span class='ocr_line' id='line_1_7' title="bbox 305 536 1794 596; baseline 0.004 -16"><span class='ocrx_word' id='word_1_32' title='bbox 305 544 508 580; x_wconf 89' lang='lat' dir='ltr'>vennates</span> <span class='ocrx_word' id='word_1_33' title='bbox 536 536 654 580; x_wconf 91' lang='lat' dir='ltr'>litem</span> <span class='ocrx_word' id='word_1_34' title='bbox 686 552 783 580; x_wconf 93' lang='lat' dir='ltr'>cum</span> <span class='ocrx_word' id='word_1_35' title='bbox 814 538 1006 580; x_wconf 86' lang='lat' dir='ltr'>exercitu</span> <span class='ocrx_word' id='word_1_36' title='bbox 1025 539 1138 594; x_wconf 89' lang='lat' dir='ltr'>regis</span> <span class='ocrx_word' id='word_1_37' title='bbox 1159 540 1498 596; x_wconf 84' lang='lat' dir='ltr'>commovebant,</span> <span class='ocrx_word' id='word_1_38' title='bbox 1525 543 1633 585; x_wconf 86' lang='lat' dir='ltr'>etin</span> <span class='ocrx_word' id='word_1_39' title='bbox 1651 542 1794 586; x_wconf 89' lang='lat' dir='ltr'>multi-</span> 
     </span>
     <span class='ocr_line' id='line_1_8' title="bbox 305 593 1794 654; baseline 0.005 -20"><span class='ocrx_word' id='word_1_40' title='bbox 305 593 452 635; x_wconf 85' lang='lat' dir='ltr'>tudine</span> <span class='ocrx_word' id='word_1_41' title='bbox 496 608 574 635; x_wconf 89' lang='lat' dir='ltr'>sua</span> <span class='ocrx_word' id='word_1_42' title='bbox 609 594 776 645; x_wconf 87' lang='lat' dir='ltr'>confisi,</span> <span class='ocrx_word' id='word_1_43' title='bbox 827 595 1062 636; x_wconf 88' lang='lat' dir='ltr'>exercitum</span> <span class='ocrx_word' id='word_1_44' title='bbox 1100 594 1153 636; x_wconf 91' lang='lat' dir='ltr'>de</span> <span class='ocrx_word' id='word_1_45' title='bbox 1191 595 1362 638; x_wconf 88' lang='lat' dir='ltr'>civitate</span> <span class='ocrx_word' id='word_1_46' title='bbox 1400 596 1613 654; x_wconf 84' lang='lat' dir='ltr'>expellere</span> <span class='ocrx_word' id='word_1_47' title='bbox 1653 600 1794 641; x_wconf 81' lang='lat' dir='ltr'>conati</span> 
     </span>
     <span class='ocr_line' id='line_1_9' title="bbox 307 649 1795 710; baseline 0.005 -20"><span class='ocrx_word' id='word_1_48' title='bbox 307 655 421 702; x_wconf 83' lang='lat' dir='ltr'>sunt3</span> <span class='ocrx_word' id='word_1_49' title='bbox 468 655 509 690; x_wconf 91' lang='lat' dir='ltr'>et</span> <span class='ocrx_word' id='word_1_50' title='bbox 544 663 622 705; x_wconf 91' lang='lat' dir='ltr'>per</span> <span class='ocrx_word' id='word_1_51' title='bbox 662 649 883 691; x_wconf 89' lang='lat' dir='ltr'>cuiusdam</span> <span class='ocrx_word' id='word_1_52' title='bbox 913 656 1062 706; x_wconf 89' lang='lat' dir='ltr'>portae</span> <span class='ocrx_word' id='word_1_53' title='bbox 1092 651 1308 707; x_wconf 89' lang='lat' dir='ltr'>angustias</span> <span class='ocrx_word' id='word_1_54' title='bbox 1338 666 1411 694; x_wconf 90' lang='lat' dir='ltr'>eos</span> <span class='ocrx_word' id='word_1_55' title='bbox 1441 655 1515 710; x_wconf 90' lang='lat' dir='ltr'>qui</span> <span class='ocrx_word' id='word_1_56' title='bbox 1542 653 1644 696; x_wconf 87' lang='lat' dir='ltr'>foris</span> <span class='ocrx_word' id='word_1_57' title='bbox 1674 660 1795 697; x_wconf 87' lang='lat' dir='ltr'>erant</span> 
     </span>
     <span class='ocr_line' id='line_1_10' title="bbox 306 705 1794 763; baseline 0.005 -17"><span class='ocrx_word' id='word_1_58' title='bbox 306 705 590 760; x_wconf 84' lang='lat' dir='ltr'>prohibebant</span> <span class='ocrx_word' id='word_1_59' title='bbox 608 705 880 748; x_wconf 90' lang='lat' dir='ltr'>interioribus</span> <span class='ocrx_word' id='word_1_60' title='bbox 902 720 1159 748; x_wconf 82' lang='lat' dir='ltr'>succurrere.</span> <span class='ocrx_word' id='word_1_61' title='bbox 1205 706 1406 750; x_wconf 88' lang='lat' dir='ltr'>Excitato</span> <span class='ocrx_word' id='word_1_62' title='bbox 1422 707 1617 763; x_wconf 88' lang='lat' dir='ltr'>tumultu,</span> <span class='ocrx_word' id='word_1_63' title='bbox 1633 709 1794 752; x_wconf 89' lang='lat' dir='ltr'>bellum</span> 
     </span>
     <span class='ocr_line' id='line_1_11' title="bbox 307 760 1793 822; baseline 0.005 -21"><span class='ocrx_word' id='word_1_64' title='bbox 307 760 517 817; x_wconf 84' lang='lat' dir='ltr'>*undique</span> <span class='ocrx_word' id='word_1_65' title='bbox 549 761 690 817; x_wconf 89' lang='lat' dir='ltr'>coepit</span> <span class='ocrx_word' id='word_1_66' title='bbox 718 762 1026 818; x_wconf 84' lang='lat' dir='ltr'>ingravescere.</span> <span class='ocrx_word' id='word_1_67' title='bbox 1087 762 1273 815; x_wconf 72' lang='lat' dir='ltr'>Quidam</span> <span class='ocrx_word' id='word_1_68' title='bbox 1303 763 1347 804; x_wconf 89' lang='lat' dir='ltr'>in</span> <span class='ocrx_word' id='word_1_69' title='bbox 1377 764 1574 808; x_wconf 87' lang='lat' dir='ltr'>domibus</span> <span class='ocrx_word' id='word_1_70' title='bbox 1603 764 1793 822; x_wconf 82' lang='lat' dir='ltr'>hospites</span> 
     </span>
     <span class='ocr_line' id='line_1_12' title="bbox 307 816 1794 878; baseline 0.005 -20"><span class='ocrx_word' id='word_1_71' title='bbox 307 831 406 858; x_wconf 89' lang='lat' dir='ltr'>suos</span> <span class='ocrx_word' id='word_1_72' title='bbox 443 818 633 873; x_wconf 82' lang='lat' dir='ltr'>aggressi</span> <span class='ocrx_word' id='word_1_73' title='bbox 669 823 790 871; x_wconf 87' lang='lat' dir='ltr'>sunt,</span> <span class='ocrx_word' id='word_1_74' title='bbox 834 817 905 859; x_wconf 91' lang='lat' dir='ltr'>alii</span> <span class='ocrx_word' id='word_1_75' title='bbox 940 818 985 859; x_wconf 92' lang='lat' dir='ltr'>in</span> <span class='ocrx_word' id='word_1_76' title='bbox 1023 816 1173 874; x_wconf 88' lang='lat' dir='ltr'>plateis</span> <span class='ocrx_word' id='word_1_77' title='bbox 1217 820 1491 875; x_wconf 88' lang='lat' dir='ltr'>pugnabant,</span> <span class='ocrx_word' id='word_1_78' title='bbox 1534 819 1606 863; x_wconf 87' lang='lat' dir='ltr'>alii</span> <span class='ocrx_word' id='word_1_79' title='bbox 1649 828 1794 878; x_wconf 86' lang='lat' dir='ltr'>portas</span> 
     </span>
     <span class='ocr_line' id='line_1_13' title="bbox 305 872 575 927; baseline 0.004 -13"><span class='ocrx_word' id='word_1_80' title='bbox 305 872 575 927; x_wconf 82' lang='lat' dir='ltr'>obsidebant3</span> 
     </span>
    </p>

    <p class='ocr_par' dir='ltr' id='par_1_6' title="bbox 558 927 1541 984">
     <span class='ocr_line' id='line_1_14' title="bbox 558 927 1541 984; baseline 0.004 -14"><span class='ocrx_word' id='word_1_81' title='bbox 558 927 705 971; x_wconf 85' lang='lat' dir='ltr'>Plures</span> <span class='ocrx_word' id='word_1_82' title='bbox 736 929 788 971; x_wconf 90' lang='lat' dir='ltr'>de</span> <span class='ocrx_word' id='word_1_83' title='bbox 818 930 965 984; x_wconf 87' lang='lat' dir='ltr'>muris,</span> <span class='ocrx_word' id='word_1_84' title='bbox 997 929 1120 972; x_wconf 90' lang='lat' dir='ltr'>multi</span> <span class='ocrx_word' id='word_1_85' title='bbox 1149 930 1202 972; x_wconf 92' lang='lat' dir='ltr'>de</span> <span class='ocrx_word' id='word_1_86' title='bbox 1232 929 1417 973; x_wconf 90' lang='lat' dir='ltr'>turribus</span> <span class='ocrx_word' id='word_1_87' title='bbox 1446 930 1541 974; x_wconf 88' lang='lat' dir='ltr'>altis</span> 
     </span>
    </p>

    <p class='ocr_par' dir='ltr' id='par_1_7' title="bbox 302 984 1795 2327">
     <span class='ocr_line' id='line_1_15' title="bbox 305 984 1795 1041; baseline 0.004 -16"><span class='ocrx_word' id='word_1_88' title='bbox 305 985 510 1040; x_wconf 88' lang='lat' dir='ltr'>ignavum</span> <span class='ocrx_word' id='word_1_89' title='bbox 548 984 758 1041; x_wconf 89' lang='lat' dir='ltr'>praelium</span> <span class='ocrx_word' id='word_1_90' title='bbox 788 999 886 1027; x_wconf 91' lang='lat' dir='ltr'>cum</span> <span class='ocrx_word' id='word_1_91' title='bbox 926 987 1043 1027; x_wconf 84' lang='lat' dir='ltr'>saxis</span> <span class='ocrx_word' id='word_1_92' title='bbox 1080 992 1121 1028; x_wconf 91' lang='lat' dir='ltr'>et</span> <span class='ocrx_word' id='word_1_93' title='bbox 1157 985 1336 1029; x_wconf 88' lang='lat' dir='ltr'>sudibus</span> <span class='ocrx_word' id='word_1_94' title='bbox 1367 988 1679 1031; x_wconf 90' lang='lat' dir='ltr'>commiserunt.</span> <span class='ocrx_word' id='word_1_95' title='bbox 1737 989 1795 1031; x_wconf 87' lang='lat' dir='ltr'>E-</span> 
     </span>
     <span class='ocr_line' id='line_1_16' title="bbox 307 1040 1794 1110; baseline 0.003 -28"><span class='ocrx_word' id='word_1_96' title='bbox 307 1047 454 1082; x_wconf 88' lang='lat' dir='ltr'>contra</span> <span class='ocrx_word' id='word_1_97' title='bbox 484 1040 711 1083; x_wconf 85' lang='lat' dir='ltr'>Teutonici</span> <span class='ocrx_word' id='word_1_98' title='bbox 740 1042 869 1082; x_wconf 90' lang='lat' dir='ltr'>armis</span> <span class='ocrx_word' id='word_1_99' title='bbox 904 1048 946 1084; x_wconf 91' lang='lat' dir='ltr'>et</span> <span class='ocrx_word' id='word_1_100' title='bbox 980 1042 1151 1097; x_wconf 90' lang='lat' dir='ltr'>ingenio</span> <span class='ocrx_word' id='word_1_101' title='bbox 1180 1041 1458 1098; x_wconf 85' lang='lat' dir='ltr'>reluctantes,</span> <span class='ocrx_word' id='word_1_102' title='bbox 1501 1043 1623 1086; x_wconf 89' lang='lat' dir='ltr'>factis</span> <span class='ocrx_word' id='word_1_103' title='bbox 1661 1046 1794 1110; x_wconf 84' lang='lat' dir='ltr'>agmi-</span> 
     </span>
     <span class='ocr_line' id='line_1_17' title="bbox 306 1096 1794 1154; baseline 0.004 -17"><span class='ocrx_word' id='word_1_104' title='bbox 306 1096 430 1138; x_wconf 89' lang='lat' dir='ltr'>nibus</span> <span class='ocrx_word' id='word_1_105' title='bbox 460 1103 557 1139; x_wconf 88' lang='lat' dir='ltr'>ante</span> <span class='ocrx_word' id='word_1_106' title='bbox 587 1102 629 1138; x_wconf 89' lang='lat' dir='ltr'>et</span> <span class='ocrx_word' id='word_1_107' title='bbox 657 1103 769 1139; x_wconf 84' lang='lat' dir='ltr'>retro</span> <span class='ocrx_word' id='word_1_108' title='bbox 785 1097 1055 1140; x_wconf 88' lang='lat' dir='ltr'>Ravennates</span> <span class='ocrx_word' id='word_1_109' title='bbox 1082 1098 1417 1154; x_wconf 85' lang='lat' dir='ltr'>circumdabant,</span> <span class='ocrx_word' id='word_1_110' title='bbox 1447 1105 1489 1142; x_wconf 82' lang='lat' dir='ltr'>et</span> <span class='ocrx_word' id='word_1_111' title='bbox 1508 1100 1794 1144; x_wconf 78' lang='lat' dir='ltr'>saevientibus</span> 
     </span>
     <span class='ocr_line' id='line_1_18' title="bbox 309 1151 1794 1211; baseline 0.004 -18"><span class='ocrx_word' id='word_1_112' title='bbox 309 1151 462 1208; x_wconf 86' lang='lat' dir='ltr'>gladiis</span> <span class='ocrx_word' id='word_1_113' title='bbox 499 1153 614 1194; x_wconf 85' lang='lat' dir='ltr'>viam</span> <span class='ocrx_word' id='word_1_114' title='bbox 651 1152 706 1194; x_wconf 88' lang='lat' dir='ltr'>ad</span> <span class='ocrx_word' id='word_1_115' title='bbox 742 1153 927 1195; x_wconf 87' lang='lat' dir='ltr'>invicem</span> <span class='ocrx_word' id='word_1_116' title='bbox 957 1153 1180 1207; x_wconf 89' lang='lat' dir='ltr'>facientes,</span> <span class='ocrx_word' id='word_1_117' title='bbox 1225 1168 1297 1196; x_wconf 92' lang='lat' dir='ltr'>eos</span> <span class='ocrx_word' id='word_1_118' title='bbox 1352 1156 1426 1211; x_wconf 90' lang='lat' dir='ltr'>qui</span> <span class='ocrx_word' id='word_1_119' title='bbox 1461 1155 1631 1198; x_wconf 89' lang='lat' dir='ltr'>fuerant</span> <span class='ocrx_word' id='word_1_120' title='bbox 1663 1155 1794 1199; x_wconf 89' lang='lat' dir='ltr'>medii</span> 
     </span>
     <span class='ocr_line' id='line_1_19' title="bbox 306 1208 1794 1267; baseline 0.003 -17"><span class='ocrx_word' id='word_1_121' title='bbox 306 1215 496 1251; x_wconf 85' lang='lat' dir='ltr'>mortuos</span> <span class='ocrx_word' id='word_1_122' title='bbox 541 1215 615 1251; x_wconf 90' lang='lat' dir='ltr'>aut</span> <span class='ocrx_word' id='word_1_123' title='bbox 659 1209 869 1251; x_wconf 89' lang='lat' dir='ltr'>sauciatos</span> <span class='ocrx_word' id='word_1_124' title='bbox 913 1208 981 1252; x_wconf 89' lang='lat' dir='ltr'>vel</span> <span class='ocrx_word' id='word_1_125' title='bbox 1023 1209 1233 1264; x_wconf 89' lang='lat' dir='ltr'>fugientes</span> <span class='ocrx_word' id='word_1_126' title='bbox 1273 1209 1546 1267; x_wconf 90' lang='lat' dir='ltr'>reliquerunt.</span> <span class='ocrx_word' id='word_1_127' title='bbox 1606 1212 1794 1265; x_wconf 80' lang='lat' dir='ltr'>Quidam</span> 
     </span>
     <span class='ocr_line' id='line_1_20' title="bbox 307 1264 1791 1322; baseline 0.004 -17"><span class='ocrx_word' id='word_1_128' title='bbox 307 1278 448 1307; x_wconf 90' lang='lat' dir='ltr'>comes</span> <span class='ocrx_word' id='word_1_129' title='bbox 467 1265 639 1306; x_wconf 89' lang='lat' dir='ltr'>nomine</span> <span class='ocrx_word' id='word_1_130' title='bbox 654 1264 796 1321; x_wconf 88' lang='lat' dir='ltr'>Eppo,</span> <span class='ocrx_word' id='word_1_131' title='bbox 819 1265 1004 1322; x_wconf 88' lang='lat' dir='ltr'>optimus</span> <span class='ocrx_word' id='word_1_132' title='bbox 1021 1265 1142 1307; x_wconf 90' lang='lat' dir='ltr'>miles</span> <span class='ocrx_word' id='word_1_133' title='bbox 1163 1265 1216 1308; x_wconf 91' lang='lat' dir='ltr'>de</span> <span class='ocrx_word' id='word_1_134' title='bbox 1231 1266 1444 1320; x_wconf 88' lang='lat' dir='ltr'>Baioaria,</span> <span class='ocrx_word' id='word_1_135' title='bbox 1466 1281 1564 1309; x_wconf 91' lang='lat' dir='ltr'>cum</span> <span class='ocrx_word' id='word_1_136' title='bbox 1578 1267 1734 1312; x_wconf 86' lang='lat' dir='ltr'>fanone</span> <span class='ocrx_word' id='word_1_137' title='bbox 1744 1275 1791 1300; x_wconf 64' lang='grc' dir='ltr'><strong><em>Μ</em></strong></span> 
     </span>
     <span class='ocr_line' id='line_1_21' title="bbox 307 1320 1792 1380; baseline 0.003 -18"><span class='ocrx_word' id='word_1_138' title='bbox 307 1320 524 1362; x_wconf 90' lang='lat' dir='ltr'>civitatem</span> <span class='ocrx_word' id='word_1_139' title='bbox 560 1321 729 1375; x_wconf 84' lang='lat' dir='ltr'>exiens,</span> <span class='ocrx_word' id='word_1_140' title='bbox 773 1335 845 1363; x_wconf 93' lang='lat' dir='ltr'>eos</span> <span class='ocrx_word' id='word_1_141' title='bbox 915 1322 958 1363; x_wconf 91' lang='lat' dir='ltr'>ui</span> <span class='ocrx_word' id='word_1_142' title='bbox 992 1327 1168 1378; x_wconf 91' lang='lat' dir='ltr'>pontem</span> <span class='ocrx_word' id='word_1_143' title='bbox 1198 1323 1497 1379; x_wconf 86' lang='lat' dir='ltr'>superstabant</span> <span class='ocrx_word' id='word_1_144' title='bbox 1526 1322 1792 1380; x_wconf 81' lang='lat' dir='ltr'>subiugavit3</span> 
     </span>
     <span class='ocr_line' id='line_1_22' title="bbox 305 1335 1795 1436; baseline 0.003 -19"><span class='ocrx_word' id='word_1_145' title='bbox 305 1382 347 1418; x_wconf 92' lang='lat' dir='ltr'>et</span> <span class='ocrx_word' id='word_1_146' title='bbox 375 1374 546 1432; x_wconf 87' lang='lat' dir='ltr'>plurimi</span> <span class='ocrx_word' id='word_1_147' title='bbox 575 1391 722 1418; x_wconf 91' lang='lat' dir='ltr'>eorum</span> <span class='ocrx_word' id='word_1_148' title='bbox 752 1391 829 1433; x_wconf 91' lang='lat' dir='ltr'>per</span> <span class='ocrx_word' id='word_1_149' title='bbox 868 1335 986 1418; x_wconf 78' lang='lat' dir='ltr'>illum</span> <span class='ocrx_word' id='word_1_150' title='bbox 1023 1377 1162 1420; x_wconf 92' lang='lat' dir='ltr'>solum</span> <span class='ocrx_word' id='word_1_151' title='bbox 1192 1377 1244 1420; x_wconf 92' lang='lat' dir='ltr'>de</span> <span class='ocrx_word' id='word_1_152' title='bbox 1279 1385 1408 1434; x_wconf 89' lang='lat' dir='ltr'>ponte</span> <span class='ocrx_word' id='word_1_153' title='bbox 1437 1379 1720 1436; x_wconf 89' lang='lat' dir='ltr'>praecipitati,</span> <span class='ocrx_word' id='word_1_154' title='bbox 1748 1381 1795 1422; x_wconf 89' lang='lat' dir='ltr'>in</span> 
     </span>
     <span class='ocr_line' id='line_1_23' title="bbox 304 1432 1794 1488; baseline 0.003 -15"><span class='ocrx_word' id='word_1_155' title='bbox 304 1446 416 1488; x_wconf 89' lang='lat' dir='ltr'>aqua</span> <span class='ocrx_word' id='word_1_156' title='bbox 442 1433 584 1474; x_wconf 84' lang='lat' dir='ltr'>necati</span> <span class='ocrx_word' id='word_1_157' title='bbox 614 1438 722 1477; x_wconf 88' lang='lat' dir='ltr'>sunt.</span> <span class='ocrx_word' id='word_1_158' title='bbox 780 1433 877 1475; x_wconf 86' lang='lat' dir='ltr'>Rex</span> <span class='ocrx_word' id='word_1_159' title='bbox 905 1447 1008 1475; x_wconf 87' lang='lat' dir='ltr'>vero</span> <span class='ocrx_word' id='word_1_160' title='bbox 1032 1432 1328 1488; x_wconf 74' lang='lat' dir='ltr'>chuonradus,</span> <span class='ocrx_word' id='word_1_161' title='bbox 1351 1435 1462 1477; x_wconf 92' lang='lat' dir='ltr'>sicut</span> <span class='ocrx_word' id='word_1_162' title='bbox 1481 1441 1572 1478; x_wconf 90' lang='lat' dir='ltr'>erat</span> <span class='ocrx_word' id='word_1_163' title='bbox 1599 1436 1645 1477; x_wconf 90' lang='lat' dir='ltr'>in</span> <span class='ocrx_word' id='word_1_164' title='bbox 1675 1435 1794 1479; x_wconf 88' lang='lat' dir='ltr'>cubi-</span> 
     </span>
     <span class='ocr_line' id='line_1_24' title="bbox 304 1486 1794 1548; baseline 0.004 -19"><span class='ocrx_word' id='word_1_165' title='bbox 304 1486 413 1541; x_wconf 89' lang='lat' dir='ltr'>culo,</span> <span class='ocrx_word' id='word_1_166' title='bbox 442 1487 553 1529; x_wconf 91' lang='lat' dir='ltr'>hanc</span> <span class='ocrx_word' id='word_1_167' title='bbox 567 1488 816 1531; x_wconf 88' lang='lat' dir='ltr'>seditionem</span> <span class='ocrx_word' id='word_1_168' title='bbox 836 1488 1090 1545; x_wconf 88' lang='lat' dir='ltr'>intelligens,</span> <span class='ocrx_word' id='word_1_169' title='bbox 1111 1504 1230 1531; x_wconf 87' lang='lat' dir='ltr'>arma</span> <span class='ocrx_word' id='word_1_170' title='bbox 1250 1491 1436 1547; x_wconf 87' lang='lat' dir='ltr'>corripit,</span> <span class='ocrx_word' id='word_1_171' title='bbox 1465 1506 1622 1548; x_wconf 90' lang='lat' dir='ltr'>equum</span> <span class='ocrx_word' id='word_1_172' title='bbox 1642 1492 1794 1548; x_wconf 89' lang='lat' dir='ltr'>poscit,</span> 
     </span>
     <span class='ocr_line' id='line_1_25' title="bbox 305 1545 1794 1599; baseline 0.004 -14"><span class='ocrx_word' id='word_1_173' title='bbox 305 1549 347 1585; x_wconf 92' lang='lat' dir='ltr'>et</span> <span class='ocrx_word' id='word_1_174' title='bbox 390 1558 585 1599; x_wconf 90' lang='lat' dir='ltr'>egressus</span> <span class='ocrx_word' id='word_1_175' title='bbox 630 1545 807 1599; x_wconf 89' lang='lat' dir='ltr'>atrium,</span> <span class='ocrx_word' id='word_1_176' title='bbox 852 1546 927 1587; x_wconf 82' lang='lat' dir='ltr'>utb</span> <span class='ocrx_word' id='word_1_177' title='bbox 967 1545 1076 1587; x_wconf 90' lang='lat' dir='ltr'>vidit</span> <span class='ocrx_word' id='word_1_178' title='bbox 1111 1545 1381 1588; x_wconf 89' lang='lat' dir='ltr'>Ravennates</span> <span class='ocrx_word' id='word_1_179' title='bbox 1420 1545 1531 1589; x_wconf 90' lang='lat' dir='ltr'>bello</span> <span class='ocrx_word' id='word_1_180' title='bbox 1566 1547 1703 1590; x_wconf 89' lang='lat' dir='ltr'>victos</span> <span class='ocrx_word' id='word_1_181' title='bbox 1737 1547 1794 1591; x_wconf 86' lang='lat' dir='ltr'>ad</span> 
     </span>
     <span class='ocr_line' id='line_1_26' title="bbox 304 1598 1793 1658; baseline 0.003 -17"><span class='ocrx_word' id='word_1_182' title='bbox 304 1598 532 1641; x_wconf 77' lang='lat' dir='ltr'>ecclesias⁰</span> <span class='ocrx_word' id='word_1_183' title='bbox 568 1600 796 1656; x_wconf 86' lang='lat' dir='ltr'>confugere</span> <span class='ocrx_word' id='word_1_184' title='bbox 833 1606 875 1643; x_wconf 91' lang='lat' dir='ltr'>et</span> <span class='ocrx_word' id='word_1_185' title='bbox 912 1601 1100 1657; x_wconf 91' lang='lat' dir='ltr'>undique</span> <span class='ocrx_word' id='word_1_186' title='bbox 1129 1600 1307 1644; x_wconf 90' lang='lat' dir='ltr'>latibula</span> <span class='ocrx_word' id='word_1_187' title='bbox 1336 1616 1559 1658; x_wconf 89' lang='lat' dir='ltr'>quaerere,</span> <span class='ocrx_word' id='word_1_188' title='bbox 1595 1604 1793 1647; x_wconf 86' lang='lat' dir='ltr'>misertus</span> 
     </span>
     <span class='ocr_line' id='line_1_27' title="bbox 305 1658 1794 1714; baseline 0.004 -17"><span class='ocrx_word' id='word_1_189' title='bbox 305 1669 473 1710; x_wconf 87' lang='lat' dir='ltr'>eorum,</span> <span class='ocrx_word' id='word_1_190' title='bbox 520 1658 723 1712; x_wconf 87' lang='lat' dir='ltr'>quoniam</span> <span class='ocrx_word' id='word_1_191' title='bbox 753 1671 808 1698; x_wconf 84' lang='lat' dir='ltr'>ex</span> <span class='ocrx_word' id='word_1_192' title='bbox 837 1662 1016 1714; x_wconf 90' lang='lat' dir='ltr'>utraque</span> <span class='ocrx_word' id='word_1_193' title='bbox 1045 1663 1166 1713; x_wconf 88' lang='lat' dir='ltr'>parte</span> <span class='ocrx_word' id='word_1_194' title='bbox 1197 1659 1263 1699; x_wconf 89' lang='lat' dir='ltr'>sui</span> <span class='ocrx_word' id='word_1_195' title='bbox 1292 1664 1430 1713; x_wconf 90' lang='lat' dir='ltr'>erant,</span> <span class='ocrx_word' id='word_1_196' title='bbox 1475 1659 1710 1702; x_wconf 88' lang='lat' dir='ltr'>exercitum</span> <span class='ocrx_word' id='word_1_197' title='bbox 1740 1659 1794 1704; x_wconf 86' lang='lat' dir='ltr'>de</span> 
     </span>
     <span class='ocr_line' id='line_1_28' title="bbox 302 1712 1794 1770; baseline 0.003 -17"><span class='ocrx_word' id='word_1_198' title='bbox 302 1712 597 1767; x_wconf 89' lang='lat' dir='ltr'>persecutione</span> <span class='ocrx_word' id='word_1_199' title='bbox 635 1712 793 1754; x_wconf 90' lang='lat' dir='ltr'>civium</span> <span class='ocrx_word' id='word_1_200' title='bbox 830 1713 1069 1767; x_wconf 88' lang='lat' dir='ltr'>revocavit,</span> <span class='ocrx_word' id='word_1_201' title='bbox 1115 1718 1157 1754; x_wconf 86' lang='lat' dir='ltr'>et</span> <span class='ocrx_word' id='word_1_202' title='bbox 1194 1713 1286 1770; x_wconf 90' lang='lat' dir='ltr'>ipse</span> <span class='ocrx_word' id='word_1_203' title='bbox 1315 1714 1360 1755; x_wconf 91' lang='lat' dir='ltr'>in</span> <span class='ocrx_word' id='word_1_204' title='bbox 1388 1713 1596 1770; x_wconf 89' lang='lat' dir='ltr'>palatium</span> <span class='ocrx_word' id='word_1_205' title='bbox 1626 1715 1700 1758; x_wconf 80' lang='lat' dir='ltr'>se‘¹</span> <span class='ocrx_word' id='word_1_206' title='bbox 1730 1730 1794 1758; x_wconf 91' lang='lat' dir='ltr'>re-</span> 
     </span>
     <span class='ocr_line' id='line_1_29' title="bbox 305 1767 1794 1827; baseline 0.004 -19"><span class='ocrx_word' id='word_1_207' title='bbox 305 1781 353 1809; x_wconf 89' lang='lat' dir='ltr'>ce</span> <span class='ocrx_word' id='word_1_208' title='bbox 386 1767 431 1809; x_wconf 87' lang='lat' dir='ltr'>it.</span> <span class='ocrx_word' id='word_1_209' title='bbox 487 1768 614 1809; x_wconf 90' lang='lat' dir='ltr'>Mane</span> <span class='ocrx_word' id='word_1_210' title='bbox 654 1774 797 1811; x_wconf 85' lang='lat' dir='ltr'>autem</span> <span class='ocrx_word' id='word_1_211' title='bbox 836 1768 948 1812; x_wconf 84' lang='lat' dir='ltr'>facto</span> <span class='ocrx_word' id='word_1_212' title='bbox 986 1769 1255 1811; x_wconf 87' lang='lat' dir='ltr'>Ravennates</span> <span class='ocrx_word' id='word_1_213' title='bbox 1297 1771 1370 1827; x_wconf 89' lang='lat' dir='ltr'>qui</span> <span class='ocrx_word' id='word_1_214' title='bbox 1408 1777 1720 1826; x_wconf 90' lang='lat' dir='ltr'>remanserant,</span> <span class='ocrx_word' id='word_1_215' title='bbox 1748 1771 1794 1814; x_wconf 90' lang='lat' dir='ltr'>in</span> 
     </span>
     <span class='ocr_line' id='line_1_30' title="bbox 304 1782 1793 1881; baseline 0.004 -17"><span class='ocrx_word' id='word_1_216' title='bbox 304 1782 442 1864; x_wconf 60' lang='lat' dir='ltr'>cillibio</span> <span class='ocrx_word' id='word_1_217' title='bbox 474 1830 515 1865; x_wconf 87' lang='lat' dir='ltr'>et</span> <span class='ocrx_word' id='word_1_218' title='bbox 543 1822 670 1865; x_wconf 88' lang='lat' dir='ltr'>nudis</span> <span class='ocrx_word' id='word_1_219' title='bbox 699 1824 882 1880; x_wconf 90' lang='lat' dir='ltr'>pedibus</span> <span class='ocrx_word' id='word_1_220' title='bbox 912 1831 1040 1881; x_wconf 89' lang='lat' dir='ltr'>atque</span> <span class='ocrx_word' id='word_1_221' title='bbox 1071 1826 1226 1867; x_wconf 85' lang='lat' dir='ltr'>exertis</span> <span class='ocrx_word' id='word_1_222' title='bbox 1256 1825 1432 1881; x_wconf 87' lang='lat' dir='ltr'>gladiis,</span> <span class='ocrx_word' id='word_1_223' title='bbox 1467 1833 1515 1869; x_wconf 93' lang='lat' dir='ltr'>ut</span> <span class='ocrx_word' id='word_1_224' title='bbox 1544 1826 1614 1869; x_wconf 87' lang='lat' dir='ltr'>lex</span> <span class='ocrx_word' id='word_1_225' title='bbox 1644 1841 1793 1870; x_wconf 87' lang='lat' dir='ltr'>eorum</span> 
     </span>
     <span class='ocr_line' id='line_1_31' title="bbox 302 1879 1793 1937; baseline 0.004 -17"><span class='ocrx_word' id='word_1_226' title='bbox 302 1879 514 1935; x_wconf 87' lang='lat' dir='ltr'>praecipit</span> <span class='ocrx_word' id='word_1_227' title='bbox 541 1880 665 1921; x_wconf 90' lang='lat' dir='ltr'>victis</span> <span class='ocrx_word' id='word_1_228' title='bbox 696 1880 884 1934; x_wconf 90' lang='lat' dir='ltr'>civibus,</span> <span class='ocrx_word' id='word_1_229' title='bbox 930 1886 1030 1923; x_wconf 86' lang='lat' dir='ltr'>ante</span> <span class='ocrx_word' id='word_1_230' title='bbox 1062 1895 1207 1937; x_wconf 90' lang='lat' dir='ltr'>regem</span> <span class='ocrx_word' id='word_1_231' title='bbox 1244 1882 1510 1936; x_wconf 70' lang='lat' dir='ltr'>venientese,</span> <span class='ocrx_word' id='word_1_232' title='bbox 1555 1883 1664 1926; x_wconf 90' lang='lat' dir='ltr'>sicut</span> <span class='ocrx_word' id='word_1_233' title='bbox 1699 1883 1715 1925; x_wconf 88' lang='lat' dir='ltr'>i</span> <span class='ocrx_word' id='word_1_234' title='bbox 1747 1897 1793 1926; x_wconf 89' lang='lat' dir='ltr'>se</span> 
     </span>
     <span class='ocr_line' id='line_1_32' title="bbox 302 1935 1794 1991; baseline 0.004 -15"><span class='ocrx_word' id='word_1_235' title='bbox 302 1936 523 1991; x_wconf 86' lang='lat' dir='ltr'>praecepit</span> <span class='ocrx_word' id='word_1_236' title='bbox 558 1935 755 1978; x_wconf 92' lang='lat' dir='ltr'>omnibus</span> <span class='ocrx_word' id='word_1_237' title='bbox 793 1936 930 1978; x_wconf 88' lang='lat' dir='ltr'>modis</span> <span class='ocrx_word' id='word_1_238' title='bbox 951 1936 1282 1980; x_wconf 86' lang='lat' dir='ltr'>satisfaciebant.</span> <span class='ocrx_word' id='word_1_239' title='bbox 1330 1938 1397 1980; x_wconf 91' lang='lat' dir='ltr'>Ibi</span> <span class='ocrx_word' id='word_1_240' title='bbox 1417 1953 1495 1981; x_wconf 89' lang='lat' dir='ltr'>rex</span> <span class='ocrx_word' id='word_1_241' title='bbox 1511 1938 1684 1981; x_wconf 85' lang='lat' dir='ltr'>Ohuonr</span> <span class='ocrx_word' id='word_1_242' title='bbox 1741 1954 1794 1982; x_wconf 87' lang='lat' dir='ltr'>us</span> 
     </span>
     <span class='ocr_line' id='line_1_33' title="bbox 303 1991 1793 2058; baseline 0.005 -27"><span class='ocrx_word' id='word_1_243' title='bbox 303 1991 535 2032; x_wconf 87' lang='lat' dir='ltr'>maximam</span> <span class='ocrx_word' id='word_1_244' title='bbox 580 1991 911 2034; x_wconf 88' lang='lat' dir='ltr'>munificentiam</span> <span class='ocrx_word' id='word_1_245' title='bbox 956 1993 1001 2034; x_wconf 90' lang='lat' dir='ltr'>in</span> <span class='ocrx_word' id='word_1_246' title='bbox 1045 1992 1272 2058; x_wconf 70' lang='lat' dir='ltr'>quemdam</span> <span class='ocrx_word' id='word_1_247' title='bbox 1318 1994 1552 2036; x_wconf 86' lang='lat' dir='ltr'>sauciatum</span> <span class='ocrx_word' id='word_1_248' title='bbox 1591 1995 1793 2038; x_wconf 89' lang='lat' dir='ltr'>Teutoni·</span> 
     </span>
     <span class='ocr_line' id='line_1_34' title="bbox 304 2046 1792 2107; baseline 0.004 -19"><span class='ocrx_word' id='word_1_249' title='bbox 304 2046 425 2088; x_wconf 82' lang='lat' dir='ltr'>cumf</span> <span class='ocrx_word' id='word_1_250' title='bbox 459 2061 577 2089; x_wconf 88' lang='lat' dir='ltr'>more</span> <span class='ocrx_word' id='word_1_251' title='bbox 608 2047 730 2089; x_wconf 86' lang='lat' dir='ltr'>solito</span> <span class='ocrx_word' id='word_1_252' title='bbox 761 2048 967 2102; x_wconf 88' lang='lat' dir='ltr'>ostendit,</span> <span class='ocrx_word' id='word_1_253' title='bbox 1008 2062 1078 2090; x_wconf 79' lang='lat' dir='ltr'>cui</span> <span class='ocrx_word' id='word_1_254' title='bbox 1107 2063 1184 2105; x_wconf 91' lang='lat' dir='ltr'>pes</span> <span class='ocrx_word' id='word_1_255' title='bbox 1216 2063 1315 2091; x_wconf 89' lang='lat' dir='ltr'>cum</span> <span class='ocrx_word' id='word_1_256' title='bbox 1344 2064 1414 2091; x_wconf 86' lang='lat' dir='ltr'>ma</span> <span class='ocrx_word' id='word_1_257' title='bbox 1446 2065 1501 2092; x_wconf 92' lang='lat' dir='ltr'>na</span> <span class='ocrx_word' id='word_1_258' title='bbox 1528 2057 1648 2107; x_wconf 85' lang='lat' dir='ltr'>parte</span> <span class='ocrx_word' id='word_1_259' title='bbox 1678 2065 1792 2093; x_wconf 88' lang='lat' dir='ltr'>cam-</span> 
     </span>
     <span class='ocr_line' id='line_1_35' title="bbox 302 2101 1792 2162; baseline 0.004 -18"><span class='ocrx_word' id='word_1_260' title='bbox 302 2101 464 2145; x_wconf 66' lang='lat' dir='ltr'>haee-²</span> <span class='ocrx_word' id='word_1_261' title='bbox 509 2117 638 2160; x_wconf 89' lang='lat' dir='ltr'>supra</span> <span class='ocrx_word' id='word_1_262' title='bbox 673 2102 805 2145; x_wconf 92' lang='lat' dir='ltr'>talum</span> <span class='ocrx_word' id='word_1_263' title='bbox 834 2104 877 2147; x_wconf 90' lang='lat' dir='ltr'>in</span> <span class='ocrx_word' id='word_1_264' title='bbox 908 2118 1053 2162; x_wconf 88' lang='lat' dir='ltr'>pugna</span> <span class='ocrx_word' id='word_1_265' title='bbox 1122 2105 1260 2147; x_wconf 90' lang='lat' dir='ltr'>enitus</span> <span class='ocrx_word' id='word_1_266' title='bbox 1290 2106 1410 2148; x_wconf 91' lang='lat' dir='ltr'>absci</span> <span class='ocrx_word' id='word_1_267' title='bbox 1442 2105 1639 2149; x_wconf 72' lang='lat' dir='ltr'>ebaturh:</span> <span class='ocrx_word' id='word_1_268' title='bbox 1669 2107 1792 2150; x_wconf 86' lang='lat' dir='ltr'>cuius</span> 
     </span>
     <span class='ocr_line' id='line_1_36' title="bbox 305 2159 1792 2229; baseline 0.005 -30"><span class='ocrx_word' id='word_1_269' title='bbox 305 2171 452 2200; x_wconf 89' lang='lat' dir='ltr'>ocreas</span> <span class='ocrx_word' id='word_1_270' title='bbox 496 2159 548 2201; x_wconf 89' lang='lat' dir='ltr'>de</span> <span class='ocrx_word' id='word_1_271' title='bbox 593 2160 707 2201; x_wconf 88' lang='lat' dir='ltr'>corio</span> <span class='ocrx_word' id='word_1_272' title='bbox 750 2159 884 2203; x_wconf 89' lang='lat' dir='ltr'>factas</span> <span class='ocrx_word' id='word_1_273' title='bbox 926 2175 1003 2203; x_wconf 87' lang='lat' dir='ltr'>rex</span> <span class='ocrx_word' id='word_1_274' title='bbox 1047 2174 1072 2201; x_wconf 89' lang='lat' dir='ltr'>a</span> <span class='ocrx_word' id='word_1_275' title='bbox 1106 2161 1187 2203; x_wconf 91' lang='lat' dir='ltr'>erri</span> <span class='ocrx_word' id='word_1_276' title='bbox 1231 2162 1522 2219; x_wconf 87' lang='lat' dir='ltr'>praecipiens,</span> <span class='ocrx_word' id='word_1_277' title='bbox 1566 2168 1792 2229; x_wconf 81' lang='lat' dir='ltr'>utramque</span> 
     </span>
     <span class='ocr_line' id='line_1_37' title="bbox 303 2214 1791 2274; baseline 0.005 -19"><span class='ocrx_word' id='word_1_278' title='bbox 303 2215 488 2256; x_wconf 91' lang='lat' dir='ltr'>nummis</span> <span class='ocrx_word' id='word_1_279' title='bbox 528 2215 653 2258; x_wconf 88' lang='lat' dir='ltr'>iussit</span> <span class='ocrx_word' id='word_1_280' title='bbox 695 2214 864 2272; x_wconf 89' lang='lat' dir='ltr'>impleri</span> <span class='ocrx_word' id='word_1_281' title='bbox 915 2223 957 2259; x_wconf 90' lang='lat' dir='ltr'>et</span> <span class='ocrx_word' id='word_1_282' title='bbox 996 2231 1124 2273; x_wconf 89' lang='lat' dir='ltr'>super</span> <span class='ocrx_word' id='word_1_283' title='bbox 1166 2217 1393 2274; x_wconf 88' lang='lat' dir='ltr'>grabatum</span> <span class='ocrx_word' id='word_1_284' title='bbox 1431 2219 1610 2261; x_wconf 86' lang='lat' dir='ltr'>sauciati</span> <span class='ocrx_word' id='word_1_285' title='bbox 1646 2218 1791 2263; x_wconf 83' lang='lat' dir='ltr'>mihtis</span> 
     </span>
     <span class='ocr_line' id='line_1_38' title="bbox 303 2269 724 2327; baseline 0.002 -15"><span class='ocrx_word' id='word_1_286' title='bbox 303 2271 423 2313; x_wconf 84' lang='lat' dir='ltr'>iuxta</span> <span class='ocrx_word' id='word_1_287' title='bbox 455 2269 575 2313; x_wconf 90' lang='lat' dir='ltr'>illum</span> <span class='ocrx_word' id='word_1_288' title='bbox 610 2271 724 2327; x_wconf 77' lang='lat' dir='ltr'>poni.</span> 
     </span>
    </p>
   </div>
   <div class='ocr_carea' id='block_1_6' title="bbox 362 2387 1736 2445">
    <p class='ocr_par' dir='ltr' id='par_1_8' title="bbox 362 2387 1736 2445">
     <span class='ocr_line' id='line_1_39' title="bbox 362 2387 1736 2445; baseline 0.004 -16"><span class='ocrx_word' id='word_1_289' title='bbox 362 2388 426 2429; x_wconf 92' lang='lat'>14.</span> <span class='ocrx_word' id='word_1_290' title='bbox 485 2387 591 2430; x_wconf 89' lang='lat' dir='ltr'>Rex</span> <span class='ocrx_word' id='word_1_291' title='bbox 620 2395 839 2445; x_wconf 89' lang='lat' dir='ltr'>propter</span> <span class='ocrx_word' id='word_1_292' title='bbox 869 2387 1099 2431; x_wconf 89' lang='lat' dir='ltr'>calorem</span> <span class='ocrx_word' id='word_1_293' title='bbox 1128 2390 1182 2431; x_wconf 92' lang='lat' dir='ltr'>in</span> <span class='ocrx_word' id='word_1_294' title='bbox 1210 2395 1461 2432; x_wconf 91' lang='lat' dir='ltr'>montana</span> <span class='ocrx_word' id='word_1_295' title='bbox 1491 2392 1736 2435; x_wconf 88' lang='lat' dir='ltr'>secessit.</span> 
     </span>
    </p>
   </div>
   <div class='ocr_carea' id='block_1_7' title="bbox 303 2456 1794 2623">
    <p class='ocr_par' dir='ltr' id='par_1_9' title="bbox 303 2456 1794 2623">
     <span class='ocr_line' id='line_1_40' title="bbox 415 2456 1794 2513; baseline 0.003 -15"><span class='ocrx_word' id='word_1_296' title='bbox 415 2456 480 2498; x_wconf 89' lang='lat' dir='ltr'>Eo</span> <span class='ocrx_word' id='word_1_297' title='bbox 510 2462 702 2513; x_wconf 86' lang='lat' dir='ltr'>tempore</span> <span class='ocrx_word' id='word_1_298' title='bbox 732 2457 944 2499; x_wconf 84' lang='lat' dir='ltr'>maximus</span> <span class='ocrx_word' id='word_1_299' title='bbox 976 2457 1091 2499; x_wconf 89' lang='lat' dir='ltr'>calor</span> <span class='ocrx_word' id='word_1_300' title='bbox 1119 2456 1286 2500; x_wconf 87' lang='lat' dir='ltr'>Italiam</span> <span class='ocrx_word' id='word_1_301' title='bbox 1315 2459 1512 2509; x_wconf 83' lang='lat' dir='ltr'>vexabat,</span> <span class='ocrx_word' id='word_1_302' title='bbox 1543 2459 1602 2501; x_wconf 89' lang='lat' dir='ltr'>ita</span> <span class='ocrx_word' id='word_1_303' title='bbox 1629 2465 1678 2502; x_wconf 88' lang='lat' dir='ltr'>ut</span> <span class='ocrx_word' id='word_1_304' title='bbox 1704 2461 1794 2502; x_wconf 85' lang='lat' dir='ltr'>ani-</span> 
     </span>
     <span class='ocr_line' id='line_1_41' title="bbox 304 2510 1791 2570; baseline 0.005 -18"><span class='ocrx_word' id='word_1_305' title='bbox 304 2510 432 2553; x_wconf 89' lang='lat' dir='ltr'>malia</span> <span class='ocrx_word' id='word_1_306' title='bbox 482 2513 618 2555; x_wconf 75' lang='lat' dir='ltr'>mutai</span> <span class='ocrx_word' id='word_1_307' title='bbox 670 2517 711 2554; x_wconf 86' lang='lat' dir='ltr'>et</span> <span class='ocrx_word' id='word_1_308' title='bbox 755 2512 976 2555; x_wconf 86' lang='lat' dir='ltr'>hominum</span> <span class='ocrx_word' id='word_1_309' title='bbox 1020 2512 1246 2555; x_wconf 88' lang='lat' dir='ltr'>multitudo</span> <span class='ocrx_word' id='word_1_310' title='bbox 1300 2513 1399 2557; x_wconf 91' lang='lat' dir='ltr'>inde</span> <span class='ocrx_word' id='word_1_311' title='bbox 1442 2513 1791 2570; x_wconf 86' lang='lat' dir='ltr'>periclitarentur.</span> 
     </span>
     <span class='ocr_line' id='line_1_42' title="bbox 303 2567 1793 2623; baseline 0.005 -15"><span class='ocrx_word' id='word_1_312' title='bbox 303 2567 399 2609; x_wconf 87' lang='lat' dir='ltr'>Rex</span> <span class='ocrx_word' id='word_1_313' title='bbox 426 2583 528 2610; x_wconf 86' lang='lat' dir='ltr'>vero</span> <span class='ocrx_word' id='word_1_314' title='bbox 561 2567 855 2623; x_wconf 82' lang='lat' dir='ltr'>Ohuonradus,</span> <span class='ocrx_word' id='word_1_315' title='bbox 889 2569 1050 2611; x_wconf 91' lang='lat' dir='ltr'>nemini</span> <span class='ocrx_word' id='word_1_316' title='bbox 1080 2569 1236 2611; x_wconf 89' lang='lat' dir='ltr'>cedens</span> <span class='ocrx_word' id='word_1_317' title='bbox 1267 2570 1348 2612; x_wconf 88' lang='lat' dir='ltr'>nisi</span> <span class='ocrx_word' id='word_1_318' title='bbox 1378 2569 1457 2613; x_wconf 88' lang='lat' dir='ltr'>soli</span> <span class='ocrx_word' id='word_1_319' title='bbox 1485 2571 1581 2613; x_wconf 88' lang='lat' dir='ltr'>Deo</span> <span class='ocrx_word' id='word_1_320' title='bbox 1611 2577 1654 2614; x_wconf 89' lang='lat' dir='ltr'>et</span> <span class='ocrx_word' id='word_1_321' title='bbox 1682 2571 1793 2615; x_wconf 81' lang='lat' dir='ltr'>calo·</span> 
     </span>
    </p>
   </div>
   <div class='ocr_carea' id='block_1_8' title="bbox 307 2687 1792 2766">
    <p class='ocr_par' dir='ltr' id='par_1_10' title="bbox 307 2687 1792 2766">
     <span class='ocr_line' id='line_1_43' title="bbox 422 2687 1792 2727; baseline 0.004 -12"><span class='ocrx_word' id='word_1_322' title='bbox 422 2687 451 2722; x_wconf 82' lang='lat' dir='ltr'>a)</span> <span class='ocrx_word' id='word_1_323' title='bbox 474 2696 596 2722; x_wconf 80' lang='lat' dir='ltr'>panone</span> <span class='ocrx_word' id='word_1_324' title='bbox 618 2690 644 2717; x_wconf 81' lang='lat'>2.</span> <span class='ocrx_word' id='word_1_325' title='bbox 727 2688 759 2723; x_wconf 89' lang='lat' dir='ltr'>b)</span> <span class='ocrx_word' id='word_1_326' title='bbox 782 2690 827 2716; x_wconf 84' lang='lat' dir='ltr'>uti</span> <span class='ocrx_word' id='word_1_327' title='bbox 850 2691 877 2718; x_wconf 74' lang='lat'>2.</span> <span class='ocrx_word' id='word_1_328' title='bbox 958 2688 986 2723; x_wconf 85' lang='lat' dir='ltr'>c)</span> <span class='ocrx_word' id='word_1_329' title='bbox 1009 2689 1174 2716; x_wconf 81' lang='lat' dir='ltr'>eeclesiam</span> <span class='ocrx_word' id='word_1_330' title='bbox 1198 2691 1223 2717; x_wconf 85' lang='lat'>1.</span> <span class='ocrx_word' id='word_1_331' title='bbox 1306 2690 1337 2725; x_wconf 89' lang='lat' dir='ltr'>d)</span> <span class='ocrx_word' id='word_1_332' title='bbox 1360 2692 1433 2718; x_wconf 67' lang='lat' dir='ltr'>deese</span> <span class='ocrx_word' id='word_1_333' title='bbox 1451 2693 1478 2720; x_wconf 90' lang='lat'>1.</span> <span class='ocrx_word' id='word_1_334' title='bbox 1558 2690 1588 2727; x_wconf 81' lang='lat' dir='ltr'>e)</span> <span class='ocrx_word' id='word_1_335' title='bbox 1610 2692 1751 2719; x_wconf 75' lang='lat' dir='ltr'>vivente·</span> <span class='ocrx_word' id='word_1_336' title='bbox 1763 2694 1792 2722; x_wconf 84' lang='lat'>1.</span> 
     </span>
     <span class='ocr_line' id='line_1_44' title="bbox 307 2726 1731 2766; baseline 0.004 -12"><span class='ocrx_word' id='word_1_337' title='bbox 307 2726 330 2761; x_wconf 76' lang='lat' dir='ltr'>f)</span> <span class='ocrx_word' id='word_1_338' title='bbox 351 2728 559 2754; x_wconf 80' lang='lat' dir='ltr'>Teutoninum</span> <span class='ocrx_word' id='word_1_339' title='bbox 583 2730 610 2756; x_wconf 89' lang='lat'>1.</span> <span class='ocrx_word' id='word_1_340' title='bbox 692 2727 724 2763; x_wconf 76' lang='lat' dir='ltr'>g)</span> <span class='ocrx_word' id='word_1_341' title='bbox 745 2729 817 2755; x_wconf 71' lang='lat' dir='ltr'>deest</span> <span class='ocrx_word' id='word_1_342' title='bbox 840 2730 866 2757; x_wconf 77' lang='lat'>2.</span> <span class='ocrx_word' id='word_1_343' title='bbox 946 2727 977 2763; x_wconf 89' lang='lat' dir='ltr'>h)</span> <span class='ocrx_word' id='word_1_344' title='bbox 1001 2729 1238 2756; x_wconf 79' lang='lat' dir='ltr'>abscindebatur</span> <span class='ocrx_word' id='word_1_345' title='bbox 1259 2731 1287 2758; x_wconf 80' lang='lat'>2.</span> <span class='ocrx_word' id='word_1_346' title='bbox 1367 2730 1390 2765; x_wconf 90' lang='lat' dir='ltr'>i)</span> <span class='ocrx_word' id='word_1_347' title='bbox 1414 2732 1509 2758; x_wconf 77' lang='lat' dir='ltr'>multa</span> <span class='ocrx_word' id='word_1_348' title='bbox 1531 2731 1558 2766; x_wconf 79' lang='lat'>2,</span> <span class='ocrx_word' id='word_1_349' title='bbox 1580 2731 1616 2764; x_wconf 68' lang='lat' dir='ltr'>qs.</span> <span class='ocrx_word' id='word_1_350' title='bbox 1638 2739 1660 2758; x_wconf 79' lang='lat' dir='ltr'>c.</span> <span class='ocrx_word' id='word_1_351' title='bbox 1682 2732 1731 2760; x_wconf 76' lang='lat'>22.</span> 
     </span>
    </p>
   </div>
   <div class='ocr_carea' id='block_1_9' title="bbox 429 2828 1792 2877">
    <p class='ocr_par' dir='ltr' id='par_1_11' title="bbox 429 2828 1792 2877">
     <span class='ocr_line' id='line_1_45' title="bbox 429 2828 1792 2877; baseline 0.004 -17"><span class='ocrx_word' id='word_1_352' title='bbox 429 2829 465 2872; x_wconf 89' lang='lat'>1)</span> <span class='ocrx_word' id='word_1_353' title='bbox 485 2828 610 2863; x_wconf 79' lang='lat' dir='ltr'>Falme</span> <span class='ocrx_word' id='word_1_354' title='bbox 628 2830 822 2864; x_wconf 86' lang='lat' dir='ltr'>teutonice.</span> <span class='ocrx_word' id='word_1_355' title='bbox 850 2829 891 2864; x_wconf 90' lang='lat' dir='ltr'>P.</span> <span class='ocrx_word' id='word_1_356' title='bbox 985 2829 1023 2875; x_wconf 80' lang='lat'>2)</span> <span class='ocrx_word' id='word_1_357' title='bbox 1042 2830 1212 2866; x_wconf 82' lang='lat' dir='ltr'>Italorum</span> <span class='ocrx_word' id='word_1_358' title='bbox 1230 2831 1370 2877; x_wconf 77' lang='lat' dir='ltr'>9amba,</span> <span class='ocrx_word' id='word_1_359' title='bbox 1391 2831 1572 2866; x_wconf 80' lang='lat' dir='ltr'>Gallorum</span> <span class='ocrx_word' id='word_1_360' title='bbox 1581 2831 1714 2877; x_wconf 80' lang='lat' dir='ltr'>jambe.</span> <span class='ocrx_word' id='word_1_361' title='bbox 1749 2831 1792 2866; x_wconf 90' lang='lat' dir='ltr'>P.</span> 
     </span>
    </p>
   </div>
  </div>
 </body>
</html>
