1864 3250
326 245 372 278 58
804 245 1013 278 WIPONIS
1039 244 1368 277 TETRALOGUS.

414 356 574 399 Omnes
606 363 647 398 te
678 356 813 397 sancti
841 354 1053 397 redimant
1081 355 1134 396 de
1165 355 1341 397 crimine
1370 354 1540 397 mundi!

416 413 481 454 Sit
509 427 587 454 rex
618 418 862 452 sanctorum
892 410 1032 452 fautor
1059 417 1158 452 tuus
1189 417 1316 467 atque
1346 411 1534 453 tuorum!

414 468 537 510 Haec
566 467 658 520 tibi,
688 482 779 520 rex,
812 466 963 507 Musae
994 473 1215 508 cantamus
1244 480 1349 508 voce
1380 480 1556 508 sonorae
1567 474 1598 521 ³,

414 530 554 580 Atque
586 523 737 564 chorus
766 528 911 563 noster
940 530 1117 564 renovat
1145 527 1219 563 tua
1249 522 1437 564 carmina
1467 537 1648 579 semper,

334 593 384 624 50
415 580 477 622 Ut
505 579 583 621 tibi
611 578 704 620 laus
736 585 911 630 crescat,
941 577 1044 619 dum
1074 576 1135 618 sol
1165 583 1206 619 et
1234 576 1334 618 luna
1361 584 1566 633 patescat.

415 636 506 677 Nos
536 635 687 676 damus
719 633 920 686 officium,
951 648 1036 689 quo
1067 639 1229 675 crescat
1257 632 1393 688 gloria
1420 649 1585 688 rerum,

415 692 487 733 Ex
515 691 670 732 nostris
700 690 823 732 donis
854 689 1127 730 manifestant
1154 687 1287 731 verba
1314 689 1517 743 Maronis,

420 747 536 800 Quid
565 747 663 803 pius
693 746 875 798 Aeneas,
907 745 1011 801 quid
1042 745 1210 786 Turnus
1240 750 1385 800 posset
1413 745 1458 786 in
1486 745 1629 788 armis.

417 802 584 846 Fistula
612 802 831 844 Musarum
861 801 1017 842 Flacco
1053 800 1288 842 dictaverat
1317 800 1434 855 odas,

338 871 385 903 55
419 860 480 902 Ut
507 859 800 900 Maecenatem
829 856 1000 898 fecisset
1027 856 1153 898 laude
1182 870 1426 911 perennem.

419 916 540 957 Haec
571 914 720 956 eadem
752 913 896 954 docuit
924 913 1148 953 Lucanum
1178 912 1319 954 dicere
1348 910 1460 954 bella

421 970 618 1014 Caesaris
649 978 691 1012 et
719 969 878 1024 magni,
909 983 1018 1025 quae
1049 969 1203 1010 durant
1230 966 1378 1009 ultima
1407 967 1547 1011 saecli.

419 1028 491 1069 Ex
520 1026 675 1068 nostris
705 1026 876 1066 monitis
906 1023 1088 1066 callebat
1118 1023 1280 1065 Statius
1309 1030 1458 1065 auctor

420 1082 647 1125 Thebanos
677 1081 844 1122 miseris
873 1080 1077 1122 iuvenesb
1107 1080 1346 1121 discernere
1374 1078 1572 1122 flammis.

339 1150 388 1184 60
420 1139 603 1181 Nasonis
634 1137 821 1180 studium
852 1143 965 1178 totus
995 1136 1251 1177 recitaverat
1281 1135 1407 1188 orbis,

420 1195 491 1236 Ex
519 1195 676 1236 nostris
707 1193 820 1234 curis
851 1194 1018 1234 ornavit
1047 1192 1205 1247 scripta
1234 1190 1396 1246 figuris.

419 1251 612 1306 Regibus
642 1249 827 1304 antiquis
856 1248 1004 1290 laudes
1035 1247 1302 1288 cantavimus
1331 1246 1445 1300 olim,

420 1306 477 1347 Et
507 1306 559 1348 de
590 1305 857 1361 principibus
889 1303 1103 1346 scribendi
1133 1309 1325 1344 creverat
1358 1317 1472 1346 usus.

419 1362 666 1418 Numquam
696 1362 757 1402 sic
788 1360 912 1402 libuit
942 1373 1198 1416 quemquam
1226 1358 1399 1400 laudare
1430 1365 1647 1415 potentem

340 1430 388 1464 65
421 1419 483 1461 Ut
513 1418 734 1460 dominum
763 1431 922 1471 regem,
954 1430 1080 1472 quem
1110 1414 1253 1470 prodit
1280 1413 1421 1456 nobile
1450 1429 1607 1456 nomen

420 1474 626 1524 Heinrici‚
656 1479 848 1514 veterum
878 1472 929 1513 de
954 1485 1111 1526 magno
1141 1470 1332 1526 germine
1362 1470 1549 1512 ductum.

420 1531 529 1582 Rex,
559 1530 638 1571 tibi
669 1535 902 1581 cantamus,
933 1526 1011 1569 tibi
1039 1526 1177 1568 laudis
1209 1526 1321 1567 dona
1349 1540 1563 1581 paramus.

420 1586 595 1641 Accipe,
627 1585 679 1627 de
709 1585 864 1625 nostris
900 1589 948 1624 ut
977 1583 1098 1625 vivas
1127 1588 1319 1623 mortuus
1349 1582 1474 1623 actis!

421 1642 511 1684 Nos
542 1655 716 1697 operam
746 1639 958 1692 dabimus,
990 1654 1073 1695 quo
1103 1639 1239 1694 possit
1267 1637 1408 1679 dicere
1437 1638 1645 1680 mundus:

342 1710 391 1742 70
424 1698 608 1740 ‘Tertius
639 1697 868 1738 Heinricus
896 1695 976 1737 fuit
1007 1694 1105 1736 olim
1135 1694 1285 1750 pacisc
1315 1694 1490 1735 amicus.

421 1755 558 1796 Fama
588 1754 654 1794 sui
683 1752 822 1794 meriti
852 1751 1070 1807 superabit
1099 1757 1292 1805 tempora
1321 1749 1495 1791 mundi’.

426 1810 497 1852 Sic
525 1809 603 1851 tibi
633 1808 834 1861 cantabit,
871 1822 998 1864 quem
1027 1805 1212 1847 mundus
1242 1805 1381 1847 adhuc
1409 1805 1644 1861 generabit.

429 1866 602 1907 *Nonne
633 1865 712 1907 tibi
742 1865 893 1906 merito
923 1864 1069 1918 magni
1103 1861 1313 1904 debentur
1340 1861 1523 1903 honores

424 1922 569 1978 Atque
599 1921 719 1962 favor
748 1919 909 1976 populi,
941 1924 1039 1975 post
1069 1918 1211 1959 omnia
1238 1917 1376 1972 portio
1406 1916 1545 1959 caeli?

343 1990 391 2022 75
424 1978 534 2019 Nam
567 1977 718 2018 carusd
747 1991 804 2032 po
838 1974 907 2016 ulo
938 1973 1101 2031 placuit
1130 1973 1377 2029 saepissime
1409 1972 1593 2016 Christo.

425 2034 564 2085 Quem
593 2047 738 2088 regem
768 1991 863 2074 talis
892 2031 1098 2072 virtutum
1129 2029 1254 2084 copia
1283 2028 1462 2070 lustrat?

213 2097 323 2145 Suasio
422 2088 644 2144 Numquid
671 2087 794 2130 abest
821 2086 996 2144 aliquid,
1026 2085 1141 2142 quod
1170 2085 1284 2140 regis
1314 2084 1450 2140 gloria
1480 2083 1686 2140 quaerat?

221 2144 316 2170 ‘ems'
425 2145 581 2188 Omnia
612 2159 687 2199 spe
717 2143 786 2186 vel
814 2159 860 2185 re
888 2148 1096 2185 venerunt
1125 2140 1351 2182 commoda
1380 2154 1458 2196 per
1486 2148 1541 2182 te.

426 2201 473 2244 Si
501 2201 685 2256 petimus
715 2214 880 2256 pacem,
910 2206 968 2251 tu,
998 2213 1089 2251 reX,
1118 2196 1402 2253 praestaveris
1431 2195 1566 2250 illam3

342 2268 393 2302 80
427 2257 475 2300 Si
504 2257 704 2312 cupimus
734 2254 906 2309 bellum,
937 2261 995 2308 tu,
1026 2268 1118 2306 reX,
1147 2252 1409 2294 commiseris
1438 2250 1559 2306 illud;

427 2312 594 2366 Quodsi
624 2311 861 2365 consilium,
891 2317 951 2364 tu,
982 2325 1074 2363 reX,
1105 2309 1226 2351 dabis
1255 2307 1358 2350 utile
1387 2307 1590 2362 multum,

427 2369 474 2412 Si
505 2367 700 2410 volumus
731 2367 930 2420 studium,
960 2372 1019 2419 tu,
1048 2380 1139 2419 rex,
1169 2365 1300 2406 decus
1329 2378 1375 2405 es
1405 2363 1658 2407 studiorum.

427 2425 588 2468 Omnes
619 2424 844 2465 munificos
874 2429 932 2476 tu,
962 2437 1052 2475 reX,
1082 2419 1338 2477 praecellere
1366 2420 1492 2473 nosti,

424 2481 542 2523 Inter
570 2479 799 2522 clementes
826 2486 887 2533 tu,
916 2493 1006 2531 rex,
1036 2476 1282 2519 clementior
1310 2482 1443 2525 extas,

343 2549 393 2582 85
428 2537 502 2578 Sic
532 2536 803 2592 castigandos
833 2541 892 2588 tu,
921 2548 1011 2587 rex,
1041 2533 1203 2574 ratione
1232 2531 1288 2572 fla
1320 2530 1434 2573 ellas.

427 2591 644 2647 Quicquid
674 2593 719 2633 in
747 2590 944 2633 humanis
975 2589 1166 2631 consistit
1195 2588 1302 2628 mori
1334 2601 1384 2628 us
1414 2587 1554 2643 aequi,

425 2649 521 2689 Hoc
550 2648 672 2690 Deus
701 2654 775 2690 aut
802 2653 940 2688 totum
969 2644 1038 2686 vel
1066 2649 1232 2700 partem
1263 2642 1453 2685 condidit
1481 2648 1526 2684 in
1555 2649 1610 2684 te.

427 2704 568 2757 Quam
598 2703 785 2759 prudens
817 2702 974 2758 opifeX,
1005 2701 1078 2756 qui
1110 2698 1335 2741 commoda
1364 2698 1553 2740 materiei

182 1898 232 1935 'p-
256 1901 324 1928 249.

461 2810 491 2845 a)
504 2819 616 2838 sonora
627 2812 668 2837 ed.
678 2820 688 2844 ;
710 2810 855 2837 emendavi
865 2817 922 2842 eqo.
984 2807 1015 2842 b)
1039 2809 1059 2836 i.
1072 2815 1110 2835 m.
1124 2809 1183 2841 ed.‚·
1203 2808 1312 2834 mutavi
1323 2807 1472 2833 verborum
1485 2806 1621 2833 ordinem.
1682 2804 1710 2840 c)
1722 2806 1834 2839 paucis

342 2853 408 2879 Ood.
431 2852 548 2878 Canisii.
570 2851 686 2878 Emend.
707 2851 762 2876 ille.
844 2848 875 2882 d)
899 2849 1008 2874 charus
1030 2849 1071 2874 ed.
