1864 3250
406 247 616 283 WIPONIS
647 247 801 282 GESTA
830 246 1118 280 CHUONRADI
1144 246 1244 279 IMP.
1527 246 1572 278 41

75 366 252 460 gerung,
291 366 334 403 et
371 360 547 402 nimium
589 359 756 402 confusi
785 358 1016 403 adventum
1046 357 1316 415 imperatoris
1346 371 1473 414 aegre
1503 371 1575 399 ex·
1590 373 1676 401 1036.

74 423 202 475 pecta
231 423 318 462 ant.

78 522 147 565 35.
197 516 360 575 'Quod
395 535 491 563 rex
520 520 811 563 Heinricus
850 517 1024 560 filiam
1056 518 1392 561 Ohnutonis³
1431 519 1574 575 regis

492 577 546 619 in
583 576 897 631 coniugium
927 573 1161 617 duxerit.

189 643 317 688 Anno
347 645 527 687 Domini
578 645 698 688 1036.
738 643 968 686 Heinricus
1009 658 1107 696 rex,
1151 641 1264 684 filius
1292 643 1575 699 imperatoris,

78 700 348 744 Chnutonisb
390 702 504 758 regis
548 700 786 757 Anglorum
830 698 960 741 filiam
1003 699 1178 741 nomine
1223 698 1534 742 Ohunelindem
1545 708 1573 754 ⁰,

105 772 154 800 ro
183 758 361 815 regina(¹
409 765 722 811 consecratam,
763 755 978 812 regalibus
1029 755 1188 811 nuptiis
1238 756 1284 796 in
1327 756 1575 811 coniugium

108 814 216 856 uxit.
273 814 440 857 Eodem
470 829 601 868 anno,
642 821 689 856 ut
718 812 880 855 dictum
911 817 993 865 est,
1024 812 1258 868 imperator
1289 811 1573 855 Chuonradus

78 883 175 912 cum
203 869 290 912 filio
319 870 524 913 Heinrico
555 885 657 926 rege
672 878 686 901 1
724 867 894 911 Italiam
931 869 1106 910 intravit
1146 882 1244 910 cum
1278 869 1492 923 exercitu,
1532 876 1574 911 et

77 925 310 970 celebravit
350 926 535 970 natalem
573 926 751 968 Domini
780 925 976 967 Veronae
1012 938 1123 966 anno
1163 923 1402 967 dominicae
1437 925 1572 967 incar·
1587 938 1722 968 nemas.

76 982 262 1025 nationis
303 982 424 1026 1037.
483 983 589 1025 Inde
626 982 682 1024 ad
712 980 1003 1024 Mediolanum
1032 981 1226 1035 veniens,
1257 979 1312 1023 ab
1343 981 1572 1024 Heriberto
1590 991 1676 1018 103⁷·

77 1038 402 1096 archiepiscopo
439 1039 666 1104 magnifice
704 1044 901 1094 receptus
931 1043 996 1080 est
1023 1038 1068 1079 in
1098 1037 1278 1079 ecclesia
1307 1039 1442 1080 sancti
1471 1037 1574 1080 Am—

77 1093 223 1137 brosii.
280 1095 332 1137 In
361 1096 457 1152 ipsa
487 1095 575 1150 die,
619 1095 834 1137 nescimus
878 1094 1000 1136 cuius
1036 1093 1235 1147 consilio,
1280 1108 1390 1149 pene
1463 1095 1577 1138 ravis

77 1150 286 1194 tumultus
315 1151 456 1194 factus
487 1158 549 1193 est
585 1150 735 1208 populi
765 1149 1108 1203 Mediolanensis,
1142 1150 1385 1206 quaerentis
1415 1109 1470 1193 αἱ
1500 1152 1578 1193 im-

76 1214 285 1264 peratore,
316 1209 353 1250 si
381 1207 507 1250 vellet
534 1207 679 1250 favere
711 1206 992 1248 coniurationi
1022 1220 1183 1248 eorum,
1243 1205 1372 1248 Unde
1393 1220 1578 1250 commo-

77 1270 148 1306 tus
175 1264 234 1306 im
268 1270 407 1306 erator
436 1266 676 1320 praecepit,
714 1270 762 1305 ut
799 1277 946 1305 omnes
982 1263 1027 1303 in
1056 1263 1207 1305 urbem
1237 1262 1493 1318 Papiensem
1522 1265 1578 1306 ad

80 1334 213 1376 gener
256 1335 278 1363 e
309 1319 570 1377 colloquium
601 1320 877 1362 convenirent
888 1328 917 1361 θ.
978 1318 1109 1372 Quod
1140 1318 1244 1360 dum
1271 1318 1432 1361 factum
1453 1327 1575 1375 esset,

79 1376 245 1418 cunctis
273 1376 604 1419 reclamantibus
632 1376 772 1433 legem
802 1375 905 1418 fecit
933 1375 991 1416 im
1026 1380 1176 1417 erator.
1231 1375 1283 1416 In
1302 1376 1397 1431 ipso
1419 1375 1575 1431 placito

79 1432 256 1488 quidam
271 1433 400 1489 Hugo
433 1441 603 1475 comes²
634 1440 676 1475 et
704 1431 776 1473 alii
806 1446 935 1488 quam
965 1447 992 1488 p
1012 1446 1110 1473 ures
1134 1430 1274 1479 Italici
1303 1431 1578 1489 appellabant

77 1488 220 1532 archie
253 1490 449 1545 iscopum
487 1488 848 1532 Mediolanensem
894 1502 972 1544 pro
1017 1486 1161 1529 multis
1205 1489 1369 1542 causis,
1420 1488 1575 1546 quibus

77 1559 151 1587 eos
181 1559 206 1587 o
239 1546 428 1588 enderat.
485 1545 725 1602 Imperator
762 1559 865 1586 vero
899 1550 1052 1586 vocato
1091 1543 1417 1601 archiepiscopo
1455 1560 1576 1602 prae-

76 1602 212 1658 cepit,
256 1608 305 1644 ut
342 1601 605 1645 satisfaceret
644 1600 855 1643 omnibus.
916 1600 1044 1653 Quod
1087 1599 1189 1641 dum
1226 1599 1575 1658 archiepiscopus

75 1664 321 1712 rennueret,
370 1658 500 1701 sensit
550 1660 804 1715 imperator,
853 1671 1022 1699 omnem
1070 1655 1187 1698 illam
1239 1658 1576 1700 coniurationem

76 1713 226 1757 Italiae
271 1714 408 1771 ipsius
451 1713 627 1756 consilio
661 1714 821 1756 factam
851 1728 957 1756 esse.
1015 1712 1073 1755 Et
1119 1727 1221 1754 mox
1266 1714 1573 1770 comprehenso

76 1769 164 1824 illo,
193 1771 367 1813 retinuit
395 1771 440 1812 in
470 1786 549 1812 sua
573 1772 795 1827 potestate.
853 1768 1023 1812 Deinde
1055 1769 1372 1812 commendavit
1402 1786 1500 1813 eum
1530 1771 1576 1813 in

77 1827 316 1869 custodiam
332 1827 500 1883 Poponi
527 1826 796 1883 patriarchae
826 1825 1124 1882 Aquilegiensi
1155 1832 1196 1868 et
1212 1824 1439 1868 Ohuononi
1474 1827 1576 1869 duci

78 1881 429 1926 carentanorum.
489 1883 575 1936 Qui
613 1882 667 1925 ab
699 1884 759 1925 eis
790 1883 944 1924 ductus
974 1888 1037 1924 est
1067 1895 1164 1923 cum
1193 1882 1478 1938 imperatores
1507 1898 1575 1926 us-

78 1953 162 1996 que
190 1939 482 1982 Placentinam
521 1940 754 1982 civitatem.
813 1938 1012 1991 Quadam
1049 1944 1174 1980 nocte
1206 1938 1381 1995 quidam
1423 1940 1475 1982 de
1515 1940 1574 1981 fa-

77 1993 314 2038 miliaribus
351 1996 689 2052 archiepiscopi³
729 1994 955 2038 collocavit
993 2009 1038 2036 se
1077 1995 1171 2036 vice
1210 1995 1346 2051 ipsius
1385 1995 1429 2037 in
1462 1995 1572 2039 lecto

78 2066 164 2109 quo
193 2052 287 2109 ipse
323 2052 462 2094 iacere
504 2052 717 2106 solebatg,
755 2058 797 2094 et
834 2050 1093 2107 superducto
1132 2052 1398 2107 coopertorio
1437 2051 1572 2107 latuit,

77 2114 127 2150 ut
153 2108 213 2151 ita
242 2107 406 2150 falleret
435 2108 647 2152 custodes.
705 2107 1083 2164 Archiepiscopus,
1124 2107 1308 2149 adducto
1342 2108 1424 2150 sibi
1463 2123 1572 2165 equo

77 2178 103 2206 a
133 2164 331 2221 quodam,
360 2164 481 2220 fugit,
513 2171 555 2207 et
583 2165 758 2207 veniens
776 2163 1083 2218 Mediolanum,
1113 2177 1138 2205 a
1169 2165 1255 2205 suis
1287 2178 1386 2205 cum
1416 2179 1574 2220 magno

77 2219 236 2276 gaudio
267 2228 492 2277 susceptus
513 2227 590 2263 est.
649 2220 832 2274 Deinde,
854 2219 1058 2278 quicquid
1078 2226 1246 2276 poterat
1266 2219 1406 2262 moliri
1428 2227 1575 2263 contra

77 2277 396 2333 imperatorem,
434 2291 520 2318 non
549 2277 847 2334 praetermisit.
905 2276 1145 2332 Imperator
1175 2290 1371 2332 quaeque
1402 2276 1575 2320 castella

77 2332 161 2375 sibi
203 2332 384 2376 adversa
414 2333 625 2376 destruxit
670 2340 712 2376 et
740 2334 909 2390 iniquas
941 2332 1254 2375 coniurationes
1283 2331 1432 2376 Italiae
1462 2333 1574 2376 iusta

197 2441 228 2476 a)
261 2443 437 2470 Chnittonis
471 2444 502 2475 13
545 2443 720 2469 Cunittonis
751 2443 783 2468 in
815 2450 906 2475 marq.
939 2443 981 2469 al.
1014 2442 1172 2469 chunonis
1195 2442 1228 2474 23
1279 2441 1443 2468 Chnitonis
1479 2443 1572 2470 Zwetl.

78 2480 111 2516 b)
144 2481 299 2508 Cnittonis
323 2484 349 2509 1.
372 2483 399 2511 2.
506 2482 535 2517 c)
567 2483 608 2508 ita
632 2484 658 2508 1.
681 2484 716 2515 23
756 2482 965 2509 chunlindam
987 2482 1081 2508 Zwetl.
1198 2481 1229 2515 d)
1262 2482 1295 2507 in
1327 2488 1458 2513 regnum
1479 2483 1572 2509 Zwetl.

78 2519 109 2555 e)
130 2522 276 2549 venirent
297 2522 325 2549 2.
404 2519 428 2554 f)
451 2522 650 2555 imperatorio
674 2523 700 2548 2.
783 2521 813 2557 g)
836 2522 856 2548 i.
880 2529 903 2547 s.
924 2522 1026 2547 desunt
1049 2523 1076 2548 1.

204 2609 241 2653 1)
267 2609 378 2643 Errat
403 2615 532 2644 noster.
557 2609 751 2644 Heinricus
778 2622 855 2644 cum
880 2615 992 2643 matre
1015 2609 1136 2643 Οἰκία
1151 2608 1190 2643 in
1213 2609 1408 2643 Germania
1432 2621 1572 2643 reman-

78 2657 135 2701 sit,
161 2658 378 2692 Ratiahonae
403 2659 523 2692 natale
542 2658 688 2692 Domini
713 2659 901 2694 celebravit
928 2663 959 2692 et
985 2670 1080 2692 anno
1107 2658 1247 2692 demum
1273 2657 1470 2702 insequenti
1495 2670 1574 2693 cum

79 2708 234 2742 exercitu
272 2708 310 2740 in
338 2707 483 2740 Italiam
509 2708 693 2751 profectus
728 2714 798 2749 est,·
833 2720 866 2743 v.
895 2707 990 2741 Ann.
1017 2706 1252 2742 Hildesheim.
1281 2708 1387 2742 1037.
1421 2713 1452 2742 et
1479 2707 1572 2741 Arm.

78 2754 118 2790 S.
139 2756 390 2791 Emmerammi
410 2757 515 2798 1037,
544 2755 610 2791 SS.
635 2757 764 2799 XVII,
792 2758 873 2791 571.
975 2755 1014 2800 2)
1040 2755 1210 2790 Forsitan
1236 2768 1279 2790 ex
1314 2756 1573 2790 otbertinorum

75 2811 187 2850 yeme.
289 2806 327 2848 3)
363 2805 485 2839 Albizo
513 2806 722 2848 monachus,
753 2812 880 2849 postea
907 2805 1016 2839 abbas
1048 2805 1217 2840 Tollensis
1245 2805 1400 2841 coenobii
1424 2805 1462 2840 S.
1490 2805 1570 2839 Sal-

77 2855 222 2890 vatoris.
276 2853 328 2899 Qf.
355 2853 513 2898 diploma
540 2855 694 2889 Ariberti
719 2866 778 2898 ap.
813 2853 946 2900 Uqhellz'
972 2854 1041 2895 IV,
1071 2856 1151 2888 103.
