1864 3250
1508 274 1582 309 VII

87 393 263 446 Eodem,
295 406 377 448 quo
401 390 667 446 Tetraloqus,
697 395 884 446 tempore
905 389 1072 444 scripta
1088 386 1293 443 forsitan
1324 393 1426 429 sunt
1447 388 1586 429 decem

88 449 280 493 disticha
323 448 407 490 ‘ad
445 462 668 489 mensam
707 447 857 503 reyis
898 445 1191 498 Heinrici’,
1238 459 1349 501 quae
1384 442 1509 486 illum
1538 445 1586 486 in

88 511 243 548 nostra
271 504 459 546 editione
489 508 741 559 sequuntur.

170 557 298 603 'Iam
335 560 532 602 Pertzius
563 560 762 615 putavit,
802 558 1024 614 Wiponem
1065 563 1283 599 auctorem
1308 556 1457 612 fuisse
1488 571 1586 597 car-

87 616 254 660 minum
302 615 589 674 quorundam,
641 630 750 672 quae
793 616 842 656 in
885 628 1007 670 reyes
1043 620 1081 656 et
1122 614 1407 669 imperatores
1451 613 1586 655 Hein-

86 675 228 717 ricum
247 673 308 726 II,
343 672 655 716 Chuonradum
676 671 735 723 II,
769 671 1030 712 Heinricum
1051 670 1135 711 III.
1166 670 1344 712 condita
1373 670 1422 711 in
1444 670 1588 712 codice

88 729 356 773 celeberrimo
381 728 739 785 Cantabriyiensi
759 727 883 770 nobis
904 732 1078 769 servata
1100 731 1214 767 sunt.
1254 726 1357 768 Post
1370 726 1587 768 Pertzium

91 785 331 829 Guilelmus
367 785 539 828 Arndt¹
579 784 824 841 praecipue
869 784 1213 839 sequentiam
1256 783 1311 824 in
1353 798 1585 825 corona-

88 844 300 886 tionem
347 841 678 886 Chuonradi
723 856 750 882 a
795 845 942 882 nostro
981 845 1113 895 poeta
1158 841 1438 894 compositam
1483 853 1586 892 esse,

89 899 308 942 contendit
351 899 472 954 eique
511 896 861 940 Wattenbachius
908 896 989 938 alii
1034 901 1326 937 assenserunt.
1389 894 1487 943 Qua
1536 895 1587 938 de

88 971 134 998 re
191 969 543 1010 uamquamnon
575 969 733 996 omnem
767 953 892 995 nobis
922 951 1097 995 sustulit
1117 952 1444 1004 dubitationem,
1477 967 1585 994 non-

89 1028 118 1054 n
187 1027 216 1054 a
258 1017 402 1052 tamen
445 1017 565 1063 sunt,
606 1025 717 1066 quae
756 1010 849 1051 eius
890 1024 912 1051 o
948 1009 1140 1051 inionem
1178 1024 1265 1051 non
1288 1023 1481 1064 prorsus
1510 1010 1588 1050 im-

82 1066 353 1124 probabilem
396 1066 610 1120 reddant,·
654 1066 802 1121 itaque
841 1071 878 1107 et
909 1025 992 1107 lioc
1032 1079 1207 1107 carmen
1239 1071 1277 1107 et
1306 1065 1502 1119 alterum,
1533 1066 1586 1106 in

89 1125 493 1167 coronationem
546 1123 757 1179 reyiam
809 1121 1108 1174 Heinrici2,
1158 1123 1438 1176 compositum
1495 1123 1588 1164 sine

89 1181 220 1223 dubio
264 1180 317 1222 ab
362 1179 504 1222 eodem
550 1194 632 1235 quo
668 1179 806 1235 prius
838 1184 987 1233 poeta,
1034 1178 1082 1219 in
1124 1178 1369 1233 appendice
1414 1184 1587 1220 nostrae

88 1237 294 1280 editionis
323 1237 564 1292 recepimus
578 1241 607 1277 ³.

201 1293 392 1335 Maoeimi
413 1298 553 1334 autem
570 1291 707 1347 pretii
735 1292 850 1332 inter
880 1292 1028 1332 omnia
1059 1306 1170 1347 quae
1190 1292 1367 1346 scripsit
1396 1297 1458 1332 est
1478 1306 1587 1347 opus

89 1349 344 1392 historicum
381 1349 581 1404 Wiponis
629 1348 680 1389 de
731 1346 906 1388 Gestis
952 1346 1279 1389 Chuonradi
1317 1347 1383 1388 II.
1428 1349 1583 1404 impe-

88 1407 336 1448 ratori-3⁴.
399 1405 466 1447 De
514 1419 596 1460 quo
636 1403 745 1445 libro
796 1418 892 1445 cum
933 1403 1019 1445 alio
1064 1402 1155 1446 loco
1193 1404 1371 1446 uberius
1411 1405 1583 1461 e9erim,

89 1462 160 1504 hic
209 1461 405 1518 sufficiat
452 1461 635 1503 breviter
684 1475 795 1516 quae
843 1459 906 1502 ibi
946 1460 1141 1516 probare
1185 1460 1337 1502 studui
1380 1467 1583 1516 repetere.

97 1518 274 1574 Wponi
290 1519 570 1574 propositum
590 1522 696 1570 erat,
726 1522 850 1573 qesta
871 1516 1054 1558 duorum
1075 1517 1387 1573 imperatorum
1412 1517 1583 1561 Cliuon-

88 1575 195 1617 radi
215 1575 275 1616 ΙΙ.
306 1581 344 1617 et
374 1574 578 1616 Heinrici
600 1573 683 1615 III.
714 1588 801 1614 uno
833 1587 959 1628 opere
990 1573 1222 1628 complecti,
1251 1573 1447 1630 illudque
1476 1576 1582 1618 scri-

90 1631 185 1674 bere
227 1631 392 1687 incepit
438 1636 543 1686 post
597 1635 770 1671 mortem
827 1629 1109 1682 Chuonradi,
1158 1645 1294 1686 neque
1334 1630 1585 1686 perfecerat

91 1702 210 1730 anno
243 1687 364 1730 1046.
423 1687 511 1730 Sed
543 1692 778 1742 postquam
808 1686 1048 1727 Heinricus
1082 1688 1322 1741 imperator
1350 1693 1584 1729 coronatus

89 1749 162 1798 est,
192 1743 422 1786 consilium
442 1744 624 1785 mutavit
647 1748 848 1798 qestaque
873 1742 1132 1785 Chuonradi
1161 1742 1255 1785 sola
1285 1744 1407 1785 edere
1437 1750 1475 1786 et
1483 1743 1583 1798 filio

88 1801 181 1843 eius
211 1798 360 1856 offerre
390 1801 621 1842 constituit.
667 1799 819 1854 Itaque
850 1798 1009 1840 librum
1038 1800 1291 1841 retractavit
1320 1806 1369 1853 et,
1402 1801 1471 1842 hic
1492 1799 1582 1843 illic

119 1856 352 1898 uibusdam
381 1856 499 1910 locis,
531 1871 642 1912 quae
673 1855 732 1897 ad
761 1854 935 1897 laudem
965 1855 1169 1897 Heinrici
1191 1858 1475 1912 pertinerent,
1507 1857 1582 1899 ad-

89 1871 206 1967 ditis,
239 1918 518 1955 retractatum
537 1912 796 1967 imperatori
825 1926 944 1954 anno
969 1911 1089 1953 1048.
1120 1913 1207 1954 sive
1231 1911 1351 1954 1049.
1382 1913 1581 1956 tradidit.

88 1969 176 2011 Res
217 1969 270 2011 ab
308 1969 518 2011 Heinrico
592 1974 655 2011 ost
683 1974 854 2010 mortem
878 1969 1030 2023 patris
1059 1974 1203 2024 qestas
1233 1970 1325 2011 iam
1354 1970 1403 2011 in
1435 1971 1581 2013 animo

89 2025 293 2068 habuisse
321 2025 492 2068 videtur
524 2040 551 2067 a
570 2031 658 2067 tero
688 2024 798 2066 libro
821 2039 1048 2075 enarrare,
1078 2025 1153 2067 sed
1172 2031 1303 2068 morte
1334 2040 1432 2069 eum
1447 2042 1580 2083 prae-

89 2088 260 2124 ventum
289 2096 376 2124 esse
405 2083 498 2124 veri
527 2081 663 2124 simile
694 2087 766 2125 est.

209 2138 335 2194 Wipo
408 2139 551 2180 uidem
593 2139 687 2193 ipse
731 2137 950 2180 contendit
965 2144 993 2191 ⁵,
1035 2152 1077 2179 se
1115 2138 1167 2180 de
1208 2138 1276 2179 bis
1312 2139 1439 2181 rebus
1471 2155 1582 2196 quae

89 2201 247 2236 narrat
277 2153 404 2236 nihil
419 2195 575 2250 scripti
602 2195 778 2247 vidisse,
810 2194 885 2236 sed
911 2193 986 2235 illo
1007 2193 1098 2236 loco
1128 2194 1243 2236 nihil
1274 2195 1333 2236 ad
1362 2197 1582 2239 veritatem

88 2250 255 2293 locutus
294 2258 366 2293 est.
424 2251 564 2293 Nobis
603 2252 717 2292 enim
753 2256 852 2306 post
890 2249 1178 2306 Steindorffii
1205 2257 1462 2308 nostrasque
1492 2253 1580 2295 dis-

90 2308 343 2364 quisitiones
365 2308 755 2363 persuasissimum
785 2313 858 2360 est,
887 2307 1109 2363 Wiponem
1138 2308 1186 2349 in
1217 2307 1442 2351 scribendo
1472 2309 1581 2351 libro

89 2377 166 2406 suo
187 2363 435 2406 Annalibus
466 2364 726 2420 quibusdam
747 2362 946 2405 Suevicis
975 2363 1189 2406 uberrime
1218 2378 1343 2405 usum
1374 2379 1475 2419 esse,
1506 2368 1583 2423 qui

215 2471 250 2515 1)
284 2471 412 2514 Arndt,
446 2472 517 2506 Die
550 2472 650 2505 Walzl
676 2471 835 2506 Oonrads
862 2470 915 2505 II.
937 2484 978 2515 p.
1005 2473 1050 2505 46
1065 2484 1137 2516 sqq.
1240 2472 1279 2516 2)
1306 2472 1581 2506 Animadvertas

87 2520 203 2563 velim,
231 2521 403 2564 Wiponem
425 2520 540 2555 videri
565 2521 782 2555 coronationi
799 2520 963 2554 Heinrici
989 2522 1152 2564 astitisse,
1179 2523 1225 2565 cf.
1250 2522 1425 2567 Tetraloy.
1443 2533 1477 2555 v.
1498 2521 1581 2555 247.

90 2569 173 2604 248.
274 2569 313 2614 3)
341 2569 444 2603 Nihil
469 2574 584 2604 autem
611 2575 672 2613 est,
699 2582 762 2604 cur
787 2570 973 2604 credamus
1001 2582 1076 2604 cum
1102 2571 1333 2616 Harttunyio,
1361 2569 1582 2615 epitaphium

87 2618 254 2653 Aribonis
281 2618 534 2663 archiepiscopi
555 2619 770 2662 Moguntini,
795 2620 889 2663 quod
915 2630 957 2653 ea:
985 2619 1100 2654 codice
1122 2620 1286 2655 Mettensi
1312 2621 1443 2655 editum
1470 2624 1518 2653 est
1544 2619 1582 2653 in

87 2667 244 2712 Haupt's
278 2667 480 2712 Zeitschrift
504 2669 574 2712 fiir
608 2669 789 2703 deutsches
814 2667 1011 2703 Alterthum
1036 2669 1143 2710 XVI,
1166 2670 1220 2711 17,
1258 2682 1280 2703 a
1315 2669 1455 2713 Wipone
1493 2679 1581 2702 com-

82 2717 240 2761 positum
266 2729 349 2752 esse.
449 2715 488 2760 4)
517 2716 643 2760 Confer
668 2718 712 2752 E.
739 2717 936 2761 Steindorff
955 2717 994 2752 in
1019 2718 1271 2764 Forschunyen
1298 2730 1363 2752 zur
1390 2717 1581 2752 deutschen

89 2766 289 2800 Gesckichte
323 2766 384 2807 VJ,
411 2767 504 2805 477;
538 2766 621 2808 VII,
649 2768 717 2800 561
741 2779 834 2810 sqq.,·
884 2767 931 2802 W.
957 2767 1097 2812 Pflitqer
1133 2767 1173 2801 in
1207 2768 1324 2802 Neues
1353 2767 1484 2802 Archiv
1519 2767 1582 2801 der

89 2815 319 2860 Gesellechaft
344 2815 399 2857 II,
428 2815 494 2848 129
513 2827 606 2859 sqq.,·
639 2816 688 2850 H.
714 2816 896 2858 Bresslau,
930 2817 1058 2851 ibidem
1083 2816 1138 2859 II,
1166 2817 1236 2851 587
1259 2828 1356 2861 sqq.,·
1390 2818 1436 2851 W.
1466 2817 1582 2851 Gieee-

89 2864 215 2907 brecht,
242 2863 441 2900 Geschichte
467 2864 531 2898 der
557 2865 745 2899 deutschen
770 2865 965 2900 Kaiserzeit
992 2865 1046 2908 ΙΙ,
1071 2867 1154 2901 562.
1261 2865 1300 2911 5)
1322 2878 1362 2910 p.
1378 2868 1412 2900 3.
1439 2871 1581 2901 nostrae

88 2913 261 2949 editionis.
