1864 3250
409 254 620 288 WIPONIS
649 253 804 287 GESTA
833 252 1124 286 CHUONRADI
1149 251 1249 284 IMP.
1530 252 1578 284 43

75 366 174 408 nius
216 367 260 408 in
302 366 434 424 gestis
472 366 605 422 regis,
651 367 686 410 si
727 365 850 407 Deus
894 363 1103 418 voluerit,
1149 377 1351 419 exequar.
1410 361 1579 404 Eodem
1594 379 1682 406 103⁷.

75 427 270 479 tempore
298 436 414 480 papa
434 421 672 465 Cremonae
699 422 952 464 occurrebat
981 420 1242 476 imperatori,
1274 424 1316 460 et
1344 418 1578 461 honorifice
1593 438 1619 457 ο.
1642 431 1712 459 iun.

74 485 275 536 receptus
303 485 346 522 et
381 477 606 533 dimissus,
637 478 819 520 Romam
855 491 1052 520 reversus
1090 482 1166 519 est.
1225 476 1290 517 Im
1327 481 1479 528 erator,
1515 474 1578 516 di-

78 548 228 591 sperso
258 535 453 577 exercitu
482 549 560 591 per
588 536 797 590 regiones,
826 534 921 590 ipse
950 532 1006 574 ad
1039 538 1267 574 montuosa
1303 545 1381 573 oca
1401 532 1579 574 secessit

76 597 254 688 proptgr
280 590 570 646 refrigerium,
615 591 817 647 quoniam
855 604 906 631 ea
944 594 1105 631 aestate
1140 602 1322 644 magnus
1353 586 1470 629 calor
1498 587 1577 628 im-

78 646 195 689 mine
226 653 284 690 at.

175 751 244 794 37.
301 751 381 793 De
411 750 678 794 seditione
709 764 843 807 quae
872 750 1020 793 facta
1049 756 1130 792 est
1159 750 1213 791 in
1242 750 1477 791 Parmaa.

187 818 356 862 Eodem
370 833 497 874 anno,
528 817 722 875 hyberno
752 824 959 875 tempore,
990 817 1167 860 collecto
1198 818 1412 872 exercitu,
1442 818 1577 874 impe·
1590 831 1668 857 Dec.

75 879 192 917 rator
219 875 523 918 transcendens
550 874 738 928 Padum,
773 874 829 916 ad
858 875 1059 917 Parmam
1091 874 1307 916 civitatem
1336 874 1476 928 venit,
1515 872 1578 915 ibi

75 929 263 974 natalem
290 931 471 974 Domini
500 930 743 984 celebravit,
773 930 1002 973 inchoante
1030 945 1141 973 anno
1173 930 1412 972 dominicae
1442 930 1666 971 incar-Dec.
1691 942 1739 970 25.

75 987 263 1030 nationis
294 988 415 1031 1038.
474 987 527 1029 In
564 988 659 1044 ipsa
698 987 766 1030 die
802 988 1037 1029 nativitatis
1067 987 1247 1029 Domini
1281 987 1392 1029 inter
1420 986 1578 1029 Teuto-

74 1043 196 1085 nicos
226 1049 270 1086 et
299 1044 414 1086 cives
442 1044 695 1086 Parmenses
724 1058 882 1100 magna
912 1043 1061 1086 seditio
1093 1049 1185 1085 orta
1214 1050 1300 1098 est,
1330 1049 1373 1085 et
1402 1042 1578 1099 quidam

76 1099 186 1142 bene
215 1099 362 1142 valens
405 1101 472 1142 vir
501 1099 804 1153 Chuonradus,
848 1100 1026 1142 infertor
1065 1100 1259 1142 ciborum
1293 1099 1576 1156 imperatoris,

76 1169 176 1197 cum
205 1155 299 1198 aliis
327 1156 573 1199 interfectus
603 1162 680 1198 est.
737 1156 864 1198 Unde
895 1162 1134 1198 commotus
1165 1156 1393 1209 exercitus,
1422 1154 1577 1211 gladiis

75 1217 120 1254 et
146 1211 247 1268 igne
277 1213 392 1255 cives
421 1211 688 1268 aggreditur3
734 1218 776 1254 et
813 1213 1047 1268 imperator
1082 1218 1182 1269 post
1211 1211 1459 1254 incendium
1489 1226 1577 1254 ma-

74 1281 208 1324 gnam
238 1274 402 1325 partem
436 1282 655 1310 murorum
695 1267 855 1310 destrui
885 1269 1126 1325 praecepit,
1171 1273 1219 1309 ut
1262 1283 1411 1310 eorum
1455 1282 1577 1323 prae-

11 1379 14 1382 ·
79 1330 367 1381 sumptlonem
396 1339 484 1367 non
511 1323 691 1367 inultam
720 1324 883 1366 fuisseb
915 1324 1022 1367 haec
1051 1340 1176 1367 ruma
1205 1323 1299 1366 aliis
1332 1323 1576 1366 civitatibus

76 1379 289 1423 indicaret
300 1390 328 1425 ¹.
375 1380 545 1423 Deinde
570 1381 804 1437 imperator
822 1380 1128 1423 transcendens
1150 1379 1430 1437 Apenninum
1460 1394 1577 1421 mon-
1594 1394 1681 1421 1038.

76 1441 176 1491 tem,
206 1437 253 1478 in
280 1436 484 1494 Apuliam
522 1437 738 1480 tendebat.
795 1437 1054 1493 Imperatrix
1082 1452 1184 1480 vero
1215 1437 1398 1479 Romam
1429 1436 1578 1478 orandi

76 1493 216 1549 gratia
257 1494 397 1547 venit,
445 1492 545 1535 inde
588 1493 643 1535 ad
686 1493 988 1550 imperatorem
1032 1494 1271 1537 revertitur.
1336 1493 1578 1549 Imperator
1591 1507 1665 1535 Mai.

76 1555 223 1592 autem
251 1548 307 1591 ad
337 1550 541 1592 terminos
576 1550 746 1606 imperii
777 1550 842 1591 sui
871 1550 1150 1606 perveniens,
1195 1549 1395 1604 Troiam,
1439 1549 1576 1591 Bene·
1589 1566 1660 1593 Iun.

76 1611 308 1649 ventanum
351 1612 394 1648 et
437 1605 633 1662 Capuam
686 1604 878 1662 aliasque
923 1606 1115 1648 civitates
1158 1605 1344 1662 Apuliae
1392 1605 1487 1661 lege
1534 1612 1578 1648 et

75 1661 240 1704 iustitia
268 1661 485 1714 stabilivit,
516 1661 814 1716 dissensiones,
846 1676 955 1718 quae
985 1669 1106 1704 erant
1142 1663 1253 1704 inter
1286 1662 1576 1704 Nortmannos

83 1724 309 1760 extraneos
330 1724 373 1760 et
391 1718 628 1774 indigenas,
658 1718 749 1760 sola
777 1719 964 1760 iussione
990 1718 1166 1772 sedavit,
1198 1725 1240 1760 et
1261 1719 1425 1760 cunctis
1447 1718 1576 1760 offen-

76 1773 268 1817 sionibus
323 1774 376 1816 de
414 1789 546 1831 regno
590 1773 781 1829 sublatis,
824 1774 1005 1817 feliciter
1046 1790 1257 1828 reversus,
1300 1775 1577 1817 Ravennamc

77 1830 210 1873 venit.
268 1830 337 1872 Ibi
367 1830 585 1887 dispositis
616 1830 911 1873 obsidionibus
938 1837 980 1874 et
998 1830 1166 1873 insidiis
1187 1831 1393 1874 adversus
1413 1830 1578 1872 Medio-

76 1884 286 1940 lanenses,
318 1887 391 1943 qui
429 1887 570 1929 adhuc
600 1887 681 1929 sibi
710 1886 888 1930 rebelles
923 1887 1112 1941 fuerant,
1154 1887 1418 1943 caeterisque
1448 1885 1577 1929 rebus

78 1942 136 1985 ad
163 1942 427 1985 voluntatem
458 1958 579 1984 suam
614 1958 694 2000 per
729 1959 909 2000 regnum
948 1943 1220 2000 compositis,
1258 1945 1439 2000 patriam
1469 1943 1577 1985 revi-

79 2013 173 2042 sere
208 1999 408 2042 decrevit.
465 1999 531 2041 Εο
571 2005 764 2056 tempore
800 2005 974 2056 propter
1017 2000 1197 2042 nimium
1229 2000 1415 2042 calorem
1445 1999 1578 2041 nimia
1590 2010 1653 2038 1u1.

78 2056 278 2112 contagio
307 2054 574 2111 pestilentiae
613 2057 852 2099 exercitum
881 2056 1058 2109 invasit,
1093 2071 1234 2112 neque
1265 2056 1476 2099 aetatibus
1505 2070 1577 2098 ne-

79 2125 163 2176 que
182 2112 376 2168 personis
395 2126 450 2167 pe
484 2112 602 2154 ercit.
652 2111 720 2154 Ibi
748 2113 897 2169 regina
913 2111 1191 2155 Chunelindis
1201 2113 1232 2166 d,
1264 2113 1424 2154 coniux
1444 2111 1578 2155 Hein-

78 2168 157 2209 nci
183 2168 319 2224 regis,
360 2170 425 2210 15.
452 2127 674 2210 {kalendas
703 2168 893 2225 Augusti
930 2169 1053 2225 quasi
1092 2170 1138 2210 in
1176 2168 1322 2211 limine
1356 2169 1471 2211 vitae
1517 2169 1578 2209 in-
1592 2183 1651 2210 1u1.
1672 2184 1721 2212 18.

77 2237 231 2322 ἕνεκα
249 2224 396 2266 mortis
417 2223 631 2279 occubuit,
661 2223 903 2281 relinquens
923 2224 1219 2267 tantummodo
1250 2224 1384 2266 solam
1404 2223 1579 2266 filiolam

110 2295 134 2322 e
162 2295 276 2337 rege,
308 2294 438 2337 quam
467 2287 618 2337 postea
677 2287 767 2323 ater
796 2280 966 2323 Christo
998 2281 1276 2337 desponsans,
1315 2282 1362 2322 in
1389 2279 1577 2323 abbatis-

81 2351 174 2378 sam
212 2337 452 2378 consecrari
480 2336 593 2379 feeit.
693 2336 789 2380 ilius
819 2337 1104 2393 imperatricis
1138 2337 1443 2390 Herimannus,
1484 2336 1576 2379 dux

78 2391 438 2447 Alamannorum,
485 2393 652 2435 iuvenis
696 2393 836 2436 bonae
878 2392 1033 2435 indolis
1078 2398 1120 2436 et
1159 2394 1203 2436 in
1243 2393 1373 2435 rebus
1411 2392 1577 2435 bellicis

78 2455 320 2503 strennuus,
349 2448 499 2492 eadem
528 2455 649 2506 peste
678 2456 879 2506 gravatus
899 2451 1010 2491 inter
1038 2463 1190 2492 manus
1220 2450 1576 2506 peritissimorum

79 2503 344 2548 medicorum
374 2506 414 2547 5.
434 2504 652 2548 Kalendas
682 2506 870 2562 Augusti
899 2520 986 2548 non
1015 2506 1106 2548 sine
1135 2520 1292 2562 magno
1319 2505 1575 2550 detrimento
1590 2518 1650 2547 Iul.
1671 2519 1717 2546 28.

78 2560 277 2618 imperiie
309 2560 426 2603 obiit.
483 2561 651 2604 Eodem
680 2577 826 2605 mense
856 2569 985 2619 atque
1009 2563 1204 2619 sequenti
1224 2563 1416 2605 maxima
1437 2561 1577 2604 multi-

197 2681 227 2716 a)
250 2682 401 2715 inscriptio
422 2683 495 2709 decet
519 2684 544 2710 1.
616 2682 648 2718 b)
671 2684 691 2710 f.
712 2684 734 2711 i.
758 2684 785 2711 2.
858 2682 885 2716 c)
909 2684 1061 2711 Viennam
1084 2686 1112 2711 2.
1176 2683 1206 2718 d)
1227 2685 1270 2710 ita
1294 2685 1320 2710 1.
1345 2685 1377 2716 2;
1401 2683 1578 2711 Ghunhilda

77 2723 163 2750 Ζωιιῑ
182 2730 190 2756 3
210 2723 250 2755 cs.
272 2730 297 2749 c.
321 2722 368 2749 35.
452 2722 481 2756 e)
503 2723 526 2751 i.
548 2722 577 2749 d.
601 2723 630 2750 2.

205 2810 241 2853 1)
269 2811 324 2844 De
351 2811 418 2843 hac
435 2821 556 2854 poena
581 2822 614 2844 υ.
642 2809 779 2852 Ficker,
802 2811 1055 2856 Forschunqen
1082 2822 1146 2845 zur
1172 2811 1315 2846 Reichs-
1335 2811 1413 2845 und
1431 2811 1576 2845 Rechts-

75 2859 270 2904 9e⁸chichte
296 2859 446 2894 Italiem
472 2859 504 2900 Ι,
534 2859 602 2892 198
629 2870 724 2902 eqq.,·
751 2859 820 2902 IV,
847 2861 931 2894 400.
