1864 3250
408 264 618 300 WIPONIS
646 262 803 297 GESTA
830 261 1119 297 CHUONRADI
1145 261 1247 296 IMP.
1533 260 1578 292 23

80 387 274 437 tempore
301 376 467 420 nullum
495 376 730 430 haberetis;
763 374 838 418 sed
868 373 1045 416 domum
1065 372 1253 429 regalem
1274 371 1463 426 scidisse,
1492 385 1580 413 non
1594 385 1681 413 1025.

82 435 231 479 valetis
258 434 453 477 inficiari.
513 433 561 476 Si
590 447 668 475 rex
699 432 838 489 periit,
867 444 1047 487 regnum
1067 430 1284 483 remansit,
1315 429 1426 471 sicut
1454 427 1579 469 navis

81 497 274 535 remanet
316 491 436 532 cuius
480 489 742 545 gubernator
785 486 912 530 cadit.
978 485 1121 528 Aedes
1158 484 1357 542 publicae
1398 484 1579 538 fuerant,

82 562 170 591 non
188 547 401 604 privatae3
431 546 536 588 iuris
558 550 678 588 erant
697 543 837 597 alieni,
868 557 955 585 non
974 543 1119 585 vestri.
1168 541 1420 584 Alienarum
1436 546 1579 583 autem

83 618 228 647 rerum
271 603 490 645 invasores
534 602 627 657 regi
671 606 770 643 sunt
815 599 1004 642 obnoxii.
1063 598 1181 654 Ergo
1219 612 1296 640 vos
1325 596 1488 639 alienae
1518 595 1582 638 rei

83 660 302 703 invasores
330 658 493 712 fuistis,
542 658 672 714 igitur
719 657 812 712 regi
856 655 1034 698 obnoxii
1083 655 1209 696 estis'.
1269 651 1582 695 Huiuscemodi

82 715 226 759 verbis
255 713 450 771 pluribus
487 715 693 756 instanter
733 711 931 764 obiectis,
975 709 1104 767 legati
1143 710 1300 752 frustra
1329 713 1581 774 temptatam

83 783 235 870 gacem
263 770 549 828 relinquentes
569 769 779 812 abierunt.
838 766 1008 824 Reliqui
1027 781 1128 809 vero
1148 765 1287 808 Italici
1308 764 1582 822 amplissimis

115 828 208 871 onis
237 842 264 869 a
291 842 392 883 rege
422 826 628 880 honorati,
658 826 703 866 in
731 839 839 882 pace
861 823 1026 865 dimissi
1047 828 1157 865 sunt.
1215 822 1311 864 Rex
1340 835 1443 864 vero
1473 821 1582 863 bene

84 883 279 927 ordinato
332 898 378 926 re
410 897 464 925 no
516 882 718 935 Sueviae,
762 880 819 923 ad
862 887 1049 923 castrum
1093 879 1329 921 Turicum⁸
1378 877 1580 934 perrexit,

82 940 230 997 ibique
261 953 368 1004 quos
401 954 471 981 am
499 938 693 992 Italicos,
734 937 808 1002 qui
837 935 893 978 ad
924 936 1219 979 Constantiam
1248 949 1335 976 non
1363 939 1582 987 venerant,

84 996 142 1039 ad
170 995 433 1038 dommiumb
463 1009 587 1037 suum
616 1000 789 1050 recepit.
850 992 956 1035 Inde
976 998 1074 1048 post
1094 1005 1253 1049 paucos
1275 990 1366 1033 dies
1386 990 1442 1032 ad
1462 990 1581 1032 Basi-
1594 1003 1663 1029 1un.
1685 1001 1734 1031 83.

83 1051 195 1096 leam
225 1052 442 1094 civitatem
471 1051 678 1108 pervenit.

140 1170 180 1213 8.
231 1169 384 1223 Quod
418 1182 511 1210 rex
541 1166 890 1264 Chuonradtus
921 1164 1171 1231 Basileae
1202 1165 1526 1220 episcopum

678 1237 806 1265 cons
845 1238 859 1263 1
901 1228 989 1264 ult.

195 1292 366 1336 Basilea
396 1292 545 1334 civitas
576 1291 658 1334 sita
687 1298 752 1334 est
779 1291 824 1332 in
894 1289 1052 1332 uodam
1094 1287 1250 1332 triviali
1290 1287 1498 1340 confinio,
1538 1285 1584 1328 id

83 1356 149 1394 est
177 1348 467 1407 Burgundiae,
497 1346 779 1390 Alamanniae
810 1353 852 1389 et
920 1347 1137 1400 ranciae13
1168 1345 1265 1401 ipsa
1294 1358 1398 1387 vero
1430 1343 1582 1385 civitas

83 1405 140 1449 ad
160 1405 457 1472 Burgundiam
477 1404 674 1461 pertinet.
734 1403 860 1445 Hanc
892 1403 1106 1444 civitatem
1138 1401 1304 1443 invenit
1330 1415 1409 1442 rex
1428 1413 1585 1441 vacua-

82 1468 172 1507 tam
202 1475 425 1520 episcopo,
470 1461 590 1502 cuius
631 1460 829 1525 provisor
865 1458 1080 1501 Adalbero
1120 1463 1218 1499 ante
1256 1463 1341 1499 tres
1371 1470 1539 1497 menses
1555 1462 1584 1510 ²,

84 1533 215 1576 quam
250 1533 329 1561 rex
366 1517 550 1571 veniret,
591 1516 793 1572 migravit
825 1529 851 1557 a
888 1513 1070 1558 saeculo.
1131 1513 1200 1555 Ibi
1240 1513 1472 1555 simoniaca
1513 1510 1584 1554 he-

84 1575 190 1618 resis
235 1574 374 1617 subito
419 1573 639 1630 apparuit,
686 1578 727 1614 et
771 1572 853 1613 cito
894 1572 1080 1613 evanuit.
1138 1568 1249 1611 Nam
1289 1568 1392 1610 dum
1432 1582 1510 1610 rex
1545 1572 1587 1609 et

84 1632 235 1688 regina
263 1645 288 1673 a
319 1629 506 1687 quodam
538 1627 704 1682 clerico,
745 1626 879 1669 nobili
908 1628 1000 1670 viro
1031 1626 1202 1668 nomine
1232 1624 1478 1677 Uodalrioo,
1513 1623 1586 1680 qui

84 1687 148 1731 ibi
182 1694 284 1730 tunc
332 1686 562 1751 episcopus
605 1684 779 1727 effectus
810 1689 890 1738 est,
935 1684 1188 1725 immensam
1234 1681 1463 1738 pecuniam
1503 1693 1582 1736 pro

86 1744 338 1801 episcopatu
381 1747 663 1798 susciperent,
707 1746 858 1797 postea
900 1754 980 1781 rex
1018 1739 1063 1780 in
1100 1737 1390 1795 poenitentia⁰
1427 1742 1582 1789 motus,

86 1806 186 1843 voto
217 1814 262 1842 se
293 1798 498 1855 obligavit
526 1812 604 1854 pro
643 1796 784 1853 aliquo
824 1796 1079 1852 episcopatu
1118 1793 1186 1837 vel
1221 1792 1395 1836 abbatia
1424 1790 1585 1834 nullam

85 1856 313 1914 pecuniam
342 1853 525 1911 amplius
555 1853 762 1910 accipere,
792 1852 837 1893 in
868 1866 952 1917 quo
981 1858 1081 1894 voto
1111 1865 1221 1907 pene
1250 1849 1361 1892 bene
1391 1862 1588 1906 perman-

87 1913 154 1955 sit.
213 1911 300 1955 Sed
341 1910 452 1952 filius
497 1910 587 1952 eius
630 1908 778 1952 tertius
813 1907 1064 1962 Hemricus,
1112 1907 1185 1963 qui
1229 1911 1379 1962 postea
1420 1919 1499 1946 rex
1545 1909 1586 1946 et

87 1974 295 2025 augustus
325 1967 502 2010 effectus
529 1972 604 2020 est,
636 1965 795 2021 optime
826 1970 867 2006 et
897 1965 987 2006 sine
1018 1964 1135 2005 omni
1165 1961 1367 2018 scrupulo
1397 1960 1585 2018 patrium

88 2031 235 2068 votum
266 2023 478 2080 expiavit,
519 2023 619 2078 quia
652 2023 697 2063 in
734 2021 850 2063 omni
886 2021 974 2063 vita
1003 2034 1080 2062 sua
1109 2033 1187 2076 pro
1219 2017 1418 2060 omnibus
1448 2016 1492 2058 di
1524 2016 1586 2057 ni-

89 2081 249 2124 tatibus
279 2078 579 2122 ecclesiasticis
608 2077 736 2119 unius
775 2075 887 2120 oboli
917 2076 1112 2133 precium
1141 2090 1228 2117 non
1258 2074 1415 2116 dicitur
1444 2072 1497 2114 ad
1531 2086 1586 2113 uc

89 2151 190 2180 acce
223 2138 319 2179 isse.
388 2135 484 2177 Rex
527 2148 626 2176 vero
659 2132 957 2186 Chuonradus,
1002 2131 1110 2174 collo
1144 2132 1216 2173 uio
1259 2129 1394 2186 regali
1437 2128 1583 2171 habito

90 2193 190 2236 Bas·
209 2207 304 2246 eae,
344 2197 387 2234 et
415 2190 605 2233 terminis
636 2188 914 2245 Burgundiae
943 2187 1052 2230 ultra
1081 2203 1136 2230 vo
1153 2194 1343 2230 untatem
1373 2183 1676 2239 Ruodolfifflov,

91 2248 312 2292 eiusdemd
351 2247 628 2304 Burgundiae
667 2247 802 2302 regis,
849 2243 1074 2300 diligenter
1117 2242 1466 2301 praeoccupatis,
1510 2255 1588 2296 per

90 2305 287 2348 Rhenum
322 2318 459 2360 usque
499 2302 733 2346 Saxoniam
800 2302 974 2344 ervenit.
1035 2300 1180 2353 Quare
1215 2306 1359 2341 autem
1388 2295 1589 2339 Ruodolfi

91 2362 205 2418 regis
234 2360 514 2414 meminerim,
546 2359 734 2402 breviter
763 2317 921 2400 Sinam.
976 2357 1087 2398 Istee
1109 2354 1346 2398 Ruodolfus
1375 2369 1454 2396 rex
1482 2352 1590 2394 Bur-

93 2416 279 2474 gundiae
324 2416 426 2459 dum
463 2416 508 2457 in
548 2421 765 2458 senectute
808 2428 885 2455 sua
926 2427 1108 2470 regnum
1150 2410 1333 2454 molliter
1375 2414 1590 2462 tractaret,

93 2473 327 2515 maximam
370 2471 576 2514 invidiam
619 2469 737 2527 apud
781 2470 995 2527 principes
1048 2470 1170 2526 regni
1212 2468 1279 2510 sui
1322 2479 1590 2523 comparans,

114 2626 158 2662 )i
215 2587 440 2653 a)¹'1'urcicum
473 2587 501 2614 2.
613 2584 645 2620 b)
676 2585 834 2612 dominum
867 2585 894 2610 1.
1002 2582 1030 2618 c)
1063 2583 1202 2617 potentia
1235 2584 1262 2611 l.
1365 2580 1394 2615 d)
1429 2581 1530 2608 eidem
1565 2582 1591 2607 1.

93 2635 113 2655 e
160 2634 216 2661 pne
257 2645 265 2655 .

223 2715 260 2759 1)
301 2714 379 2756 Quo
416 2713 495 2748 iure
522 2712 699 2747 Franciae
737 2713 801 2746 hoc
839 2713 911 2746 loco
950 2711 1155 2746 mentionem
1181 2710 1303 2754 faciat
1356 2709 1472 2753 Wipo,
1520 2720 1592 2742 non

95 2770 259 2809 apparet.
349 2763 387 2807 2)
413 2763 575 2796 Falsum.
602 2762 779 2796 Adalbero
797 2767 956 2795 mortuus
981 2765 1057 2794 erat-
1077 2761 1134 2793 12.
1153 2759 1188 2794 d.
1206 2771 1251 2793 m.
1272 2757 1365 2792 Maii
1386 2758 1591 2801 (Necroloq.

96 2812 296 2848 Basilieme
323 2824 383 2856 ap.
409 2812 572 2853 Bahmer,
606 2810 734 2845 Fontes
763 2809 829 2853 IV,
860 2810 959 2852 146),
994 2809 1142 2852 ideoque
1167 2820 1240 2842 ‘non
1270 2807 1381 2842 tribus
1416 2806 1594 2842 mensibus

94 2863 161 2897 sed
185 2874 256 2897 uno
283 2866 314 2897 et
340 2860 499 2906 dimidio,
527 2865 716 2905 antequam
740 2870 804 2894 νεα)
830 2858 1014 2893 Basileam
1040 2858 1186 2892 veniret.
