1864 3250
11 158 14 161 >
0 70 19 146 ανῆ

412 251 623 286 WIPONIS
651 252 804 286 GESTA
833 252 1123 287 CHUONRADI
1148 253 1246 290 ῙΜΡ.
1559 255 1580 287 7

79 362 280 407 lectoriae
308 362 364 405 ad
392 362 648 405 imitandum
678 364 758 406 erit
776 364 822 406 in
841 364 1083 421 propatulo.
1141 365 1270 419 Quod
1291 365 1419 408 etiam
1439 365 1579 408 faciob

79 427 205 462 meo⁰
241 425 468 476 provectu,
504 426 553 462 ut
590 420 677 477 qui,
714 420 858 463 multis
894 421 1188 477 prementibus
1231 421 1347 464 vitiis
1377 435 1534 479 corpus
1545 422 1577 477 (ἰ,

80 476 297 519 excitante
339 474 490 529 Deoe,
537 476 814 531 otiositatem,
859 476 976 519 velut
1011 478 1179 519 animae
1213 478 1431 519 inimicam
1444 487 1473 531 1,
1510 477 1578 520 his

81 537 318 590 occupatus
346 532 531 588 negotiis
559 533 693 575 vitare
722 531 903 575 valeam.
955 533 1178 590 Siquidem
1199 548 1297 576 cum
1317 534 1370 577 de
1390 533 1576 591 publicis

78 588 212 646 gestis
246 593 422 645 paratus
462 602 558 630 sum
598 588 760 643 dicere,
836 590 1036 646 raecipue
1067 589 1249 632 duorum
1290 596 1388 633 acta
1423 605 1575 646 regum

80 644 363 702 complectar,
402 643 566 687 scilicet
596 644 798 687 Chuonra
830 645 845 686 i
882 646 1153 701 imperatoris
1202 653 1333 703 atque
1377 645 1454 687 filii
1484 646 1576 688 eius

70 700 194 757 ,regis
212 700 407 743 Heinrici
426 700 555 755 tertii,
586 715 714 757 quem
733 700 987 743 Heinricum
1007 701 1185 744 Lineam
1206 702 1400 745 Iustitiae
1432 703 1576 744 cuncti

77 771 190 814 pene
231 756 530 813 prudentiores
584 757 901 812 cognominant.
968 758 1108 800 Patris
1151 773 1253 801 vero
1297 765 1422 814 gesta
1466 773 1575 815 quae

67 813 186 858 ,meis
215 813 482 870 temporibus
511 812 769 867 acciderant,
799 819 929 879 prout
965 813 1059 870 ipse
1087 814 1176 856 vidi
1206 821 1281 857 aut
1308 814 1445 857 relatu
1474 814 1577 856 alio-

11 920 15 925 ,
41 885 46 888 ·
76 882 173 911 rum
202 867 355 922 didici,
385 868 560 911 calamis
589 869 885 925 pingentibus,
916 885 930 910 1
962 871 1076 912 naris
1114 871 1461 914 *successoribus
1491 870 1641 917 effi-⁶1).
1666 884 1733 912 256.

77 924 221 981 giabO.
295 925 408 967 Acta
453 930 598 967 autem
636 925 873 968 clarissima
908 926 935 967 fi
955 926 1007 980 ii,
1050 928 1252 982 quoniam
1291 927 1433 969 adhuc
1471 927 1582 969 Deif

157 981 218 1024 tia
255 987 471 1038 superstes
499 988 672 1036 regnat,
718 996 848 1038 quam
885 981 960 1024 diu
995 982 1160 1037 vixero,
1197 998 1460 1039 congregare
1489 997 1575 1025 non

108 1038 284 1085 esinam.
343 1036 511 1090 Quodsi
540 1037 622 1079 hoc
652 1037 869 1091 acciderit,
900 1045 986 1091 utg,
1021 1039 1134 1081 sicut
1162 1045 1260 1082 ante
1289 1054 1434 1095 regem
1464 1039 1575 1080 hanc

34 1136 37 1140 ,
76 1094 211 1137 vitam
238 1092 344 1135 mihi
374 1093 555 1148 contigit
582 1094 778 1147 introire,
824 1094 886 1135 sic
921 1094 1027 1136 mihi
1063 1094 1234 1137 accidat
1264 1096 1401 1150 exire,
1445 1101 1488 1137 et
1524 1109 1574 1137 eo

75 1149 204 1192 modo
249 1164 358 1206 opus
401 1164 546 1192 meum
583 1150 881 1206 imperfectum
916 1150 1130 1205 deseram,
1172 1151 1349 1193 obsecro
1379 1158 1478 1207 post
1506 1166 1575 1192 me

76 1205 335 1249 scribentem
348 1214 377 1259 ²,
406 1221 460 1248 ne
489 1205 652 1262 pudeat
680 1205 799 1247 illum
828 1206 935 1248 meis
959 1206 1248 1250 fundamentis
1267 1208 1454 1264 parietes
1475 1221 1575 1248 suos

75 1276 383 1319 superponere3
420 1276 475 1303 ne
496 1269 670 1318 spernat
688 1262 832 1304 stilum
854 1262 1077 1305 cadentem
1098 1264 1283 1320 erigere3
1312 1278 1367 1305 ne
1386 1263 1577 1305 invideat

74 1319 184 1361 meis
227 1319 411 1375 coeptis,
456 1318 567 1360 sicut
615 1317 747 1360 nolith
798 1317 986 1375 aliquem
1028 1319 1242 1362 inviderei
1280 1320 1396 1361 suisk
1433 1319 1575 1362 finitis.

77 1374 125 1419 Si
154 1375 269 1418 enim
305 1375 379 1432 qui
412 1374 574 1430 incepit
626 1374 817 1416 medium
855 1373 1020 1429 habet³‚
1061 1390 1148 1417 non
1183 1382 1351 1432 oportet
1379 1389 1472 1418 esse
1501 1374 1574 1416 ali-

76 1446 206 1489 quem
243 1431 290 1472 in
327 1431 456 1472 huius
495 1431 636 1487 operis
668 1430 784 1473 calce
813 1431 1029 1487 ingratum
1041 1432 1065 1486 ¹,
1114 1432 1189 1488 qui
1222 1433 1483 1488 principium
1512 1432 1574 1472 in-

73 1487 218 1531 veniet
242 1493 557 1543 praeparatum.
607 1486 730 1529 Haec
760 1486 812 1529 de
837 1488 1046 1542 prooemii
1068 1488 1322 1544 compendio
1342 1487 1571 1544 proposui3

73 1558 189 1586 nunc
225 1542 280 1584 ad
316 1549 439 1598 gesta
474 1543 744 1598 imperatoris
781 1543 972 1598 veniam3
1018 1543 1093 1585 sed
1131 1545 1252 1600 prius
1282 1544 1335 1586 de
1365 1543 1572 1586 electione

74 1600 188 1654 eius,
234 1613 363 1655 quam
406 1598 561 1641 idonea
588 1598 737 1652 fuerit,
771 1613 911 1654 pauca
940 1599 1185 1654 edisseram,
1215 1607 1263 1642 ut
1290 1600 1390 1642 inde
1419 1599 1572 1656 proba-

73 1654 201 1699 bilius
238 1655 424 1698 scribere
458 1653 646 1709 valeam,
691 1655 727 1696 si
762 1655 902 1711 prius,
947 1657 1020 1712 qui
1059 1656 1285 1712 pontifices
1314 1655 1384 1698 vel
1414 1656 1571 1698 caeteri

73 1712 291 1810 Ρτὲηοίρθε
311 1717 414 1753 tunc
444 1711 649 1766 temporis
678 1711 800 1768 regni
827 1711 1042 1768 praesidio
1073 1711 1280 1767 fuerintm,
1311 1725 1570 1754 commemo-

73 1783 122 1810 ra
155 1782 194 1810 o.

378 1848 437 1890 1¹¹.
494 1847 572 1890 De
613 1854 890 1890 conventu
927 1847 1269 1904 principum.

187 1917 314 1958 Anno
335 1915 391 1958 ab
411 1916 703 1957 incarnatione
724 1915 902 1957 Domini
934 1916 1056 1958 1024.
1085 1916 1320 1972 imperator
1339 1915 1568 1957 Heinricus
1582 1913 1694 1979 {312433

75 1971 301 2026 secundus,
319 1971 429 2015 bene
446 1972 694 2027 compositis
714 1971 884 2028 imperii
903 1972 1045 2026 rebus,
1067 1987 1167 2014 cum
1180 1972 1267 2013 iam
1281 1977 1379 2028 post
1392 1970 1568 2027 longum
1634 1971 1642 1979 '
1699 1971 1706 1979 ’

73 2026 266 2071 laborem
294 2035 508 2071 maturum
544 2028 758 2069 fructum⁴
795 2028 916 2084 pacis
945 2035 1105 2071 metere
1135 2028 1358 2084 coepisset,
1388 2028 1570 2084 imperio

72 2083 289 2137 incolumi,
319 2091 461 2127 mente
490 2098 606 2137 sana,
636 2084 828 2140 corporis
858 2091 1077 2140 correptus
1107 2089 1171 2126 est
1198 2084 1457 2138 infirmitate,
1488 2097 1573 2140 qua

74 2138 373 2194 invalescente,
404 2141 443 2182 3.
472 2140 578 2182 Idus
598 2139 698 2181 Iulii
728 2139 839 2181 hanc
858 2141 990 2182 vitam
1011 2141 1208 2183 excessit.
1259 2139 1394 2182 Cuius
1415 2154 1571 2195 corpus

75 2195 130 2238 de
170 2195 360 2239 Saxonia
393 2196 449 2238 ad
492 2195 782 2252 sepeliendum
825 2195 996 2238 ducitur
1033 2196 1090 2238 ad
1126 2195 1269 2237 locum
1306 2196 1381 2252 qui
1417 2195 1572 2237 dicitur

74 2252 337 2306 Pabenberc,
366 2252 442 2294 ubi
466 2253 559 2308 ipse
579 2253 693 2295 bono
713 2251 804 2294 zelo
826 2266 876 2294 ac
898 2251 1039 2294 studio
1058 2251 1254 2294 fundavit
1274 2253 1572 2308 episcopatum

77 2309 193 2350 omni
212 2307 500 2352 ecclesiastico
521 2314 732 2364 apparatu
751 2308 977 2363 insignem.
1026 2307 1098 2349 Ad
1118 2308 1241 2350 cuius
1257 2307 1571 2350 dedicationem

75 2363 282 2407 domnum
329 2363 613 2422 apostolicum
663 2365 834 2407 nomine
879 2363 1161 2406 Benedictum
1212 2364 1392 2418 ascivit,
1447 2363 1570 2404 cuius

195 2465 226 2500 a.)
248 2467 394 2494 afferatur
424 2469 457 2494 in
483 2475 514 2500 p.
543 2469 564 2494 l.
594 2468 695 2493 desunt
725 2469 751 2494 1.
853 2468 885 2501 b)
915 2468 998 2499 quod
1020 2468 1114 2494 etiam
1136 2467 1218 2493 facio
1239 2468 1340 2492 desum
1363 2468 1390 2493 1.
1491 2463 1519 2499 c)
1543 2469 1574 2492 et

75 2513 145 2532 meo
168 2507 194 2531 1.
275 2505 307 2540 d)
330 2509 454 2540 torpore
477 2509 503 2534 1.
566 2506 595 2540 e)
619 2508 742 2533 domino
766 2509 795 2533 1.
857 2507 880 2541 f)
903 2507 1009 2533 divina
1032 2508 1059 2533 1.
1122 2506 1153 2540 g)
1177 2509 1268 2539 atque
1292 2508 1317 2533 1.
1380 2504 1412 2538 h)
1433 2505 1533 2531 nollet
1545 2505 1572 2530 2.

74 2545 100 2579 1)
128 2545 245 2577 aliquid
265 2546 378 2572 addere
401 2548 428 2574 1.
527 2544 559 2579 k)
590 2547 653 2572 suis
675 2553 738 2572 non
761 2547 788 2573 2.
889 2546 911 2580 l)
941 2548 960 2574 i.
982 2549 1035 2573 aut
1056 2553 1183 2579 carpere
1205 2553 1282 2579 opus
1302 2547 1523 2578 praeparatum
1546 2545 1572 2571 1.

75 2582 119 2618 m)
140 2584 264 2611 fuerant
286 2587 314 2612 1.
395 2584 428 2619 n)
449 2593 585 2612 numeros
605 2586 713 2612 addidit
734 2586 824 2612 Pertz.

203 2660 238 2704 1)
269 2659 370 2694 otloh
395 2660 561 2695 Proverb.
589 2673 619 2695 c.
648 2662 705 2700 14,
731 2660 814 2702 Pez,
854 2661 1025 2694 Thesaur.
1063 2661 1139 2702 III,
1168 2662 1201 2705 2,
1230 2673 1258 2695 c.
1289 2661 1379 2693 516:
1408 2660 1571 2693 otiositas

76 2710 223 2743 inimica
255 2714 310 2742 est
334 2711 487 2743 animae.
588 2708 628 2752 2)
662 2709 716 2753 Of.
743 2708 844 2752 Sulp.
873 2708 993 2743 Sever.
1029 2709 1110 2742 Vita
1138 2709 1174 2743 S.
1204 2708 1355 2743 Martini
1380 2708 1411 2749 Ι,
1433 2711 1473 2741 9:
1508 2708 1570 2741 ob-

77 2768 179 2792 secro
214 2762 334 2792 autem
362 2769 423 2792 eos
455 2759 517 2801 qui
548 2759 675 2792 lecturi
710 2762 801 2791 sunt.
902 2757 940 2801 3)
979 2757 1069 2791 Hor.
1104 2757 1219 2802 Epist.
1255 2758 1286 2799 I,
1315 2758 1348 2799 2,
1375 2758 1440 2790 40:
1469 2757 1571 2789 dimi-

78 2807 175 2841 dium
201 2808 302 2848 facti,
330 2809 391 2851 qui
411 2808 531 2851 coepit
548 2807 669 2840 habet.
713 2806 846 2840 Amen.
870 2807 996 2850 Epiqr.
1023 2808 1090 2840 81:
1118 2809 1257 2851 incipe3
1279 2806 1463 2839 dimidium
1483 2806 1571 2838 faeti

77 2860 132 2890 est
158 2857 332 2901 coepisse.
433 2856 472 2899 4)
499 2854 588 2890 Sall.
618 2854 719 2889 Catil.
747 2867 775 2889 c.
803 2856 869 2888 35:
896 2857 1032 2889 fructus
1058 2856 1202 2890 laboris.
