1864 3250
185 789 226 831 4.
285 789 517 832 VERSUS
547 789 808 833 WIPONIS
848 790 933 832 AD
973 790 1225 834 MENSAM
1259 791 1453 836 REGIS.

180 911 377 970 *Regalis
408 919 552 956 coetus
583 914 637 955 sit
665 914 710 955 in
739 914 821 956 isto
850 920 1044 971 tempore
1073 914 1224 970 laetus,

291 969 389 1023 Quo
418 969 495 1012 lux
523 970 567 1011 in
596 968 782 1013 tenebris
813 971 1007 1014 exoritur
1034 971 1224 1028 populis.

175 1024 294 1068 Inter
320 1024 567 1068 laetandum
596 1026 845 1069 res'suadet
874 1028 1311 1082 commemorandum,

291 1081 421 1135 Quod
448 1081 570 1124 Deus
600 1089 666 1125 est
693 1088 830 1138 natus,
859 1082 972 1125 filius
1002 1084 1095 1140 ipse
1124 1083 1263 1127 datus.

122 1147 144 1182 5
176 1137 319 1180 Parva
347 1137 466 1180 dedit
493 1137 715 1181 Bethleem
744 1139 797 1181 de
827 1154 986 1196 magno
1047 1141 1209 1182 ermine
1239 1155 1410 1198 panem,

289 1193 376 1247 Qui
405 1194 562 1237 satiare
590 1193 716 1249 valet,
748 1196 954 1260 quiequid
982 1154 1147 1253 ugique
1176 1203 1333 1240 manet.

174 1249 338 1293 Panem
367 1250 421 1293 de
451 1249 568 1293 caelo
598 1257 793 1307 porrexit
821 1252 962 1308 gratia
989 1252 1174 1307 mundo3

285 1306 415 1348 Panis
445 1306 568 1349 adest
595 1308 720 1349 vivus
750 1315 1070 1365 perpetuusque
1101 1309 1235 1351 cibus.

173 1362 290 1405 Fons
320 1362 508 1406 salientis
538 1378 675 1420 aquae
705 1364 888 1407 diffusae
917 1364 1075 1421 pocula
1103 1367 1238 1408 vitae:

94 1428 144 1463 10
286 1418 402 1461 Hinc
433 1420 691 1477 quicumque
721 1421 853 1475 bibet,
881 1436 969 1463 non
997 1422 1153 1464 iterum
1183 1422 1308 1464 sitiet.

170 1473 309 1517 Mellis
339 1474 519 1518 dulcedo
549 1491 629 1532 per
659 1475 878 1519 Christum
908 1477 1034 1520 fluxit
1064 1476 1267 1534 Olympo,

283 1531 347 1574 Ut
375 1532 546 1588 sapiant
573 1532 721 1575 famuli
752 1532 925 1576 delicias
955 1534 1146 1576 Domini.

172 1587 290 1630 *Bos
318 1589 459 1631 renuit
488 1588 675 1643 foenum,
706 1603 804 1631 cum
832 1589 943 1632 vidit
970 1589 1113 1632 nobile
1143 1605 1338 1646 granum,

285 1643 344 1686 Et
403 1659 580 1701 raesepe
610 1645 693 1689 Dei
726 1652 955 1702 praecavet
984 1661 1032 1688 os
1061 1647 1183 1689 asini.

91 1708 140 1743 15
172 1698 307 1755 Virgo
385 1701 487 1755 aria,
517 1701 630 1752 vide,
659 1702 856 1744 mirando
884 1701 987 1744 talia
1015 1702 1121 1758 ride,

284 1756 356 1797 Ex
384 1763 427 1799 te
457 1772 536 1814 per
563 1757 745 1800 verbum
775 1773 901 1801 cerne
931 1758 1074 1801 Deum
1103 1760 1318 1824 genitum!

170 1811 266 1854 Rex
326 1813 366 1854 ie
397 1813 607 1868 caelestis,
635 1815 792 1856 nostris
820 1813 995 1858 illabere
1023 1816 1162 1870 fest153

282 1827 354 1911 ὗε.
381 1868 570 1912 fructum
598 1871 734 1926 pacis,
762 1871 876 1913 sicut
904 1870 1065 1928 ubique
1094 1872 1223 1914 facis!

170 1924 376 1969 Heinrico
409 1926 503 1983 regi
533 1926 722 1981 digneris
751 1941 830 1983 pro
865 1927 992 1980 itiari,

58 1988 110 2024 20
282 1981 343 2023 Ut
372 1995 470 2024 cum
500 1981 663 2025 laetitia
692 1941 911 2040 pertraliat
942 1983 1094 2027 officia.

1582 928 1592 939 ⁸
1601 938 1631 963 p.
1653 930 1720 958 253.

1573 1610 1584 1622 '
1596 1619 1628 1645 p.
1649 1611 1719 1641 254.
