1864 3250
172 494 223 531 ἰ).
247 497 314 525 253.

327 269 375 301 64
819 269 1028 303 WIPONIS
1054 271 1382 305 TETRALOGUS.

442 380 648 422 Terrebat
677 379 821 436 plures
857 388 899 422 et
928 381 1154 437 desperare
1183 383 1340 438 coegit,

442 434 669 477 Clamabat
696 435 881 491 populus
912 437 990 479 sub
1020 444 1137 479 tanto
1167 439 1355 493 pondere
1385 454 1569 495 pressus,

441 490 743 533 *Vociferabat
772 491 898 534 homo
929 493 1065 534 fessus
1095 493 1344 549 religamine
1373 495 1499 538 duro:

438 546 535 588 Hoc
563 561 650 588 non
680 562 806 603 posse
836 549 938 604 pati,
967 548 1057 590 fore
1086 555 1256 605 tempus
1284 551 1370 591 iam
1400 552 1644 597 miserendi.

327 613 406 647 290
438 602 618 644 Audivit
646 603 859 645 Dominus
891 603 1135 658 clamantes,
1167 611 1209 647 et
1237 606 1488 649 miserorum

438 658 676 714 Respondit
705 661 889 714 gemitus
920 659 1042 702 solita
1069 661 1227 717 pietate
1259 661 1450 704 Creator.

438 715 567 756 Venit
582 723 592 743 ¹
624 715 669 755 in
697 715 811 757 hunc
841 716 1061 770 mundum,
1092 718 1231 758 carnis
1259 717 1422 760 velatus
1451 719 1496 760 in
1525 720 1689 776 umbra,

439 770 631 811 Humani
660 773 828 826 generis
858 772 1062 814 formator
1091 781 1133 814 et
1161 774 1254 829 ipse
1283 774 1540 830 redemptor.
1650 821 1652 823 v

438 825 535 868 Non
565 827 722 882 repulit
749 826 903 882 legem,
934 828 1008 869 sed
1037 829 1198 870 iustum
1229 829 1334 871 dans
1363 830 1651 886 moderamen,

327 893 405 927 295
438 882 503 924 Ne
532 890 768 925 moreretur
796 884 937 937 homo,
967 885 1139 926 veniam
1169 899 1269 926 cum
1297 885 1392 941 lege
1420 885 1595 941 locavit3

438 938 500 980 Ut
529 953 628 979 cum
657 939 750 981 Lex
778 946 958 981 mortem
987 941 1222 995 promittat,
1253 940 1403 984 Gratia
1430 943 1584 997 vitam3

437 994 590 1050 Erigat
619 995 723 1036 haec
752 994 946 1049 humiles,
976 1002 1023 1037 ut
1051 996 1231 1053 dissipet
1259 996 1332 1038 illa
1359 997 1556 1053 rebelles3

439 1049 695 1092 Conversisa
723 1052 892 1093 veniam
922 1052 1055 1094 iudex
1084 1067 1171 1094 non
1200 1052 1385 1109 abneget
1414 1053 1537 1096 ullus.

438 1106 510 1148 Sic
539 1106 661 1148 Deus
691 1107 958 1163 omnipotens
986 1123 1063 1164 per
1095 1115 1210 1151 vates
1241 1109 1408 1151 dixerat
1438 1109 1556 1152 olim:

326 1173 404 1207 300
437 1161 559 1203 ‘Nolo
588 1164 806 1218 peccantis
835 1170 1028 1218 mortem,
1058 1179 1138 1206 nec
1167 1165 1335 1221 gaudeo
1363 1180 1522 1222 poena:

437 1217 746 1272 Convertatur'‚
777 1220 849 1273 ait,
879 1221 1020 1274 ‘vivat,
1050 1221 1154 1262 mihi
1183 1222 1340 1263 serviat
1368 1223 1381 1262 i
1415 1236 1461 1263 se

436 1273 725 1316 Conservatus
754 1274 895 1329 homo,
926 1291 1053 1332 quern
1082 1277 1222 1332 prisca
1250 1277 1295 1318 in
1324 1237 1423 1319 sede
1452 1281 1666 1334 repono'2.

434 1330 559 1371 Nunc
586 1330 700 1372 idem
731 1331 944 1373 Dominus
973 1333 1147 1374 veniens
1176 1333 1221 1373 in
1249 1334 1436 1388 tegmine
1467 1335 1607 1376 carnis

434 1386 600 1442 Inquit:
632 1386 884 1443 ‘Discipulis
914 1387 995 1429 hoc
1024 1388 1194 1442 mando,
1225 1389 1384 1430 diciteb
1415 1391 1592 1445 cunctis,

324 1452 400 1487 305
435 1441 627 1484 Crimina
655 1445 913 1499 poeniteant,
945 1451 987 1485 et
1014 1445 1104 1486 vita
1132 1451 1309 1501 perpete
1337 1446 1503 1500 vivant3

433 1498 666 1540 Peccatum
695 1505 854 1554 pereat,
883 1506 1086 1555 peccator
1114 1501 1257 1543 vivere
1288 1499 1450 1543 discaff.

434 1554 520 1606 Qui
550 1570 594 1596 se
624 1555 845 1609 convertit,
874 1570 959 1596 non
992 1562 1055 1597 est
1085 1557 1153 1598 hic
1185 1557 1259 1613 qui
1287 1556 1369 1599 fuit
1399 1556 1511 1603 olim,

435 1610 573 1652 Nam⁰
603 1610 744 1652 dicam
774 1611 855 1664 hic,
885 1612 999 1654 vitae
1030 1613 1133 1668 quid
1163 1614 1218 1654 sit
1247 1612 1469 1655 clementia
1496 1629 1650 1657 verax:

438 1666 566 1718 Quod
596 1667 730 1722 gratis
761 1666 944 1721 dabitur,
976 1667 1200 1710 clementia
1228 1669 1320 1712 iure
1351 1675 1540 1714 vocatur.

326 1733 404 1767 310
438 1722 525 1774 Qui
554 1723 707 1778 recipit
735 1723 947 1777 meritum,
981 1725 1152 1767 veniam
1183 1726 1277 1782 quis
1309 1725 1466 1768 dixerit
1492 1724 1633 1768 illud‘?

437 1778 484 1821 Si
515 1779 611 1835 quis
639 1779 837 1834 peccanti
866 1793 1072 1822 converso
1102 1779 1195 1824 vult
1222 1782 1415 1823 misereri

435 1835 494 1876 Et
522 1849 703 1890 parcens
732 1835 886 1877 misero
916 1836 1151 1878 vindictam
1181 1852 1347 1879 sumere
1376 1838 1524 1891 nescit,

435 1891 521 1932 Hic
550 1891 720 1933 veniam
749 1891 918 1945 tribuit3
950 1892 1010 1933 sic
1039 1907 1224 1948 poenam
1254 1892 1405 1935 Gratia
1434 1894 1607 1950 spernit.

436 1947 700 2002 Propitietur
728 1947 855 1989 homo
888 1948 1089 1990 confratri
1119 1949 1295 1990 crimine
1323 1949 1456 2005 lapso.

327 2012 403 2047 315
439 2003 526 2055 Qui
556 2002 672 2044 cadit
702 2009 744 2045 et
774 2004 920 2059 surgit,
953 2018 1050 2059 spes
1082 2011 1146 2046 est
1174 2011 1221 2047 ut
1250 2006 1397 2047 vivere
1427 2006 1573 2062 possit.

437 2059 599 2101 Omnes
629 2073 880 2114 peccamus3
911 2060 1190 2114 peccantibus
1219 2061 1301 2103 hoc
1329 2061 1551 2115 faciamus,

437 2114 564 2167 Quod
592 2114 806 2157 Dominus
836 2115 973 2169 nobis,
1005 2117 1079 2172 qui
1108 2116 1294 2158 clemens
1325 2124 1388 2159 est
1415 2118 1612 2159 inimicis.

437 2170 547 2213 Cum
576 2171 746 2212 veniam
774 2171 915 2224 laudo,
945 2186 1031 2213 non
1060 2172 1221 2227 Legem
1249 2174 1496 2229 tempnered
1527 2187 1696 2230 quaero.

434 2226 529 2268 Lex
558 2227 683 2279 bona,
715 2227 751 2268 si
779 2228 950 2268 veniam
980 2228 1106 2269 dorso
1137 2235 1308 2284 portare
1339 2229 1546 2283 studebit3

326 2293 404 2326 320
437 2281 588 2324 Gratia
616 2289 718 2324 tunc
746 2283 932 2339 prodest,
970 2298 1066 2325 cum
1095 2284 1190 2326 Lex
1219 2285 1500 2341 praecesserit
1527 2284 1656 2327 illam.

433 2339 491 2381 Et
519 2339 614 2380 Lex
644 2338 841 2392 obstanti,
872 2338 947 2381 sed
979 2339 1128 2382 Gratia
1156 2341 1210 2381 sit
1237 2340 1452 2395 redeunti3

438 2394 510 2436 Sic
540 2395 586 2435 in
615 2400 798 2451 utroque
827 2395 939 2436 bono
971 2395 1142 2438 dabitur
1171 2397 1401 2438 consistere
1430 2396 1602 2439 mundo.

435 2451 561 2492 Nunc
588 2451 668 2493 tibi
697 2451 751 2493 sit
779 2452 873 2506 regi
902 2466 992 2507 pax
1021 2458 1062 2494 et
1093 2451 1318 2493 clementia
1349 2451 1528 2506 Christi3

435 2507 517 2560 Tu,
547 2507 746 2563 princeps
777 2507 903 2561 orbis,
939 2508 996 2549 sis
1027 2507 1185 2550 Christi
1213 2521 1388 2550 munere
1417 2508 1550 2562 fortis,

325 2571 403 2606 325
437 2563 519 2616 Tu,
550 2563 764 2604 Dominus
793 2563 926 2619 regm',
956 2564 1079 2605 vivas
1108 2564 1152 2604 in
1181 2578 1287 2620 pace
1316 2564 1514 2620 perenni!

436 2617 508 2660 Sic
538 2617 629 2660 vult
657 2619 791 2675 Wipo
821 2626 918 2661 tuus
949 2633 1048 2660 cum
1076 2618 1163 2660 fido
1192 2626 1366 2675 pectore
1395 2635 1559 2662 servus.

422 2691 452 2725 a)
476 2698 643 2716 conversus
665 2692 726 2723 ecl.;
748 2692 903 2716 emendavit
926 2691 1014 2716 Pertz.
1086 2689 1118 2724 b)
1141 2691 1250 2717 discite
1273 2692 1332 2725 ed.;
1356 2693 1511 2718 emendavit
1528 2691 1625 2718 Waicz.
1696 2690 1724 2725 c)
1746 2691 1816 2718 Non

322 2729 385 2760 cd.;
407 2731 552 2755 emendavi
572 2738 632 2762 eqo.
714 2729 745 2763 d)
767 2733 905 2756 temnere
927 2731 968 2757 ed.

426 2779 461 2822 1)
490 2780 527 2814 V.
555 2792 668 2823 supra
693 2793 726 2814 v.
751 2782 833 2814 230.
863 2780 961 2824 C'onf.
993 2781 1092 2814 Otloh
1110 2781 1276 2816 Proverb.
1304 2795 1333 2816 c.
1358 2784 1415 2825 11,
1441 2782 1511 2816 Pez
1538 2783 1599 2817 col.
1625 2782 1713 2815 507:
1739 2783 1815 2815 Lex

323 2839 387 2871 per
419 2829 568 2872 Moysen
602 2830 686 2863 data
721 2835 783 2871 est,
819 2831 934 2871 gratia
968 2835 1002 2862 et
1027 2832 1159 2864 veritas
1185 2843 1249 2875 per
1274 2832 1394 2865 Iesum
1421 2832 1600 2866 Christum
1625 2831 1724 2864 facta
1751 2835 1815 2864 est.

323 2876 390 2910 Ev.
418 2876 496 2911 Iok.
527 2879 558 2919 1,
589 2879 644 2911 17.
747 2878 785 2921 2)
812 2879 939 2912 Ezech.
966 2880 1024 2920 33,
1053 2880 1116 2912 11.-
1153 2880 1235 2914 nolo
1262 2884 1412 2914 mortem
1437 2881 1549 2924 impii,
1575 2880 1639 2914 sed
1665 2883 1704 2914 ut
1730 2889 1815 2914 con-

323 2930 482 2959 vertatur
506 2927 635 2970 impius
663 2938 684 2959 a
710 2928 769 2960 via
796 2939 859 2961 sua
887 2932 922 2960 et
947 2929 1056 2961 vivat.
