1864 3250
379 275 592 310 WIPONIS
621 275 778 310 GESTA
806 275 1095 309 CHUONRADI
1122 275 1222 308 IMP.
1508 274 1552 307 15

49 389 318 435 defensorem
346 389 510 447 patriae
521 397 548 431 1.
608 388 734 431 Hanc
769 389 1023 431 sententiam
1054 387 1209 430 caeteri
1239 385 1553 446 archiepiscopi

53 454 96 492 et
122 446 277 505 reliqui
310 461 529 490 sacrorum
568 446 765 488 ordinum
801 445 883 487 viri
917 444 1208 487 indubitanter
1248 445 1551 500 sequebantur.

53 504 202 547 Iunior
231 503 430 557 Chuono,
460 501 683 558 paululum
714 515 811 542 cum
833 501 1125 557 Liutharingis
1155 500 1378 558 placitans,
1409 503 1552 545 statim

51 574 263 614 reversus,
292 559 482 602 maximo
512 558 659 601 favore
689 557 808 599 illum
838 556 894 599 ad
924 557 1144 599 dominum
1174 563 1216 600 et
1235 573 1382 615 regem
1404 558 1552 615 elegit3

84 631 184 659 uem
211 631 291 658 rex
330 630 461 657 manu
499 614 845 671 apprehendens,
890 614 990 656 fecit
1029 612 1147 655 illum
1187 615 1418 657 consedere
1457 614 1553 657 sibi.

53 631 179 716 &unc
207 670 366 728 singuli
395 670 448 713 de
479 670 656 727 singulis
695 671 840 727 regnis
870 669 1020 712 eadem
1050 669 1184 712 verba
1213 670 1433 713 electionis
1465 685 1554 713 sae-

51 729 230 787 pissime
258 727 527 784 repetebant;
570 727 619 769 fit
649 726 810 768 clamor
837 726 1006 783 populi,
1047 741 1193 768 omnes
1223 728 1482 770 unanimiter
1508 728 1555 770 in

53 785 169 841 regis
197 783 404 827 electione
438 782 704 840 principibus
743 782 1086 835 consentiebant,
1134 791 1308 825 omnes‘³¹
1346 785 1553 826 maiorem

56 840 339 885 chuononem
369 839 690 893 desiderabant,
721 840 766 881 in
796 838 867 881 illo
888 838 1186 896 persistebant,
1217 840 1361 896 ipsum
1386 841 1552 883 cunctis

57 897 372 940 dominantibus
412 895 518 938 nihil
562 895 810 938 haesitando
854 902 1217 952 praeposuerunt,
1267 898 1554 953 eumdemque

54 952 189 1010 regali
231 953 422 1010 potentia
465 952 763 1009 dignissimum
813 952 1079 1007 iudicabant,
1118 959 1160 994 et
1199 959 1246 995 ut
1283 953 1400 995 nulla
1434 968 1555 996 mora

56 1009 388 1052 consecrationis
417 1007 529 1050 illius
555 1009 695 1105 fiqret,
735 1007 1022 1064 postulabant.
1084 1007 1342 1065 Supradicta
1371 1012 1552 1065 impera-

57 1066 144 1109 trix
164 1063 463 1121 Ohunegunda
491 1079 594 1121 rega
612 1066 652 1106 ia
681 1065 884 1119 insignia,
917 1079 1027 1121 quae
1058 1063 1140 1106 sibi
1169 1066 1402 1122 imperator
1422 1067 1554 1108 Hein-

56 1123 171 1164 ricus
200 1120 446 1178 reliquerat,
474 1121 722 1177 gratanterb
754 1119 942 1174 obtulit⁰‚
975 1127 1017 1162 et
1041 1121 1096 1162 ad
1116 1123 1400 1178 regnandum,
1452 1137 1554 1165 uan-

55 1184 149 1220 tum
177 1176 302 1219 huius
332 1192 461 1220 sexus
487 1177 750 1219 auctoritatis
779 1184 854 1230 est,
885 1176 1004 1218 illum
1025 1178 1319 1221 corroboravit
1331 1180 1361 1221 d.
1451 1179 1554 1222 redo

58 1233 235 1292 quidem
262 1233 362 1275 huic
392 1232 589 1275 electioni
628 1232 873 1275 caelestium
911 1234 1118 1276 virtutum
1154 1234 1346 1277 favorem
1374 1250 1462 1278 non
1482 1235 1553 1278 de-

57 1305 174 1344 esse,
214 1304 317 1332 cum
354 1290 465 1332 inter
501 1288 755 1345 singularise
795 1291 1010 1345 potentiae
1050 1290 1186 1344 viros,
1231 1298 1294 1334 tot
1341 1291 1472 1335 duces
1512 1297 1555 1334 et

57 1346 339 1400 marchiones,
368 1345 532 1403 absque
561 1345 743 1400 invidia,
787 1347 878 1387 sine
920 1349 1209 1389 controversia
1237 1349 1273 1389 is
1314 1347 1553 1404 eligeretur,

59 1404 132 1460 qui
160 1402 263 1444 licet
291 1417 447 1458 genere
486 1408 528 1444 et
554 1403 711 1444 virtute
740 1410 869 1459 atque
912 1404 958 1444 in
996 1403 1182 1459 propriis
1221 1404 1345 1446 bonis
1383 1405 1554 1448 nemine

57 1464 170 1502 esset
197 1458 383 1512 inferior,
412 1465 555 1501 tamen
585 1457 638 1500 de
667 1474 714 1500 re
742 1458 916 1515 publica
944 1459 999 1501 ad
1021 1461 1383 1514 comparationem
1404 1460 1554 1503 talium

58 1516 250 1557 virorum
292 1529 443 1570 parum
480 1514 678 1557 beneficii
717 1522 759 1557 et
797 1516 1020 1571 potestatis
1058 1515 1219 1559 habuit.
1279 1517 1553 1574 Quamquam

58 1571 407 1627 archiepiscopus
438 1570 704 1613 Coloniensis
742 1577 782 1612 et
813 1571 903 1613 dux
932 1571 1177 1614 Fridericus
1207 1588 1307 1614 cum
1337 1572 1431 1615 aliis
1492 1574 1555 1614 ui-

58 1626 241 1670 busdam
256 1626 562 1683 Liutharingis,
593 1641 724 1669 causa
751 1628 927 1669 iunioris
950 1627 1212 1682 Ohuononis,
1242 1636 1290 1671 ut
1319 1629 1434 1671 fama
1510 1630 1554 1684 it,

58 1684 191 1725 immo
221 1683 341 1726 hoste
377 1685 497 1739 pacis
537 1682 706 1726 diabolo
736 1684 983 1740 instigante,
1023 1685 1227 1741 impacati
1266 1685 1554 1741 discederent;

61 1740 135 1797 qui
162 1746 307 1781 tamen
340 1740 423 1782 cito
453 1740 612 1782 reversi
640 1740 696 1781 ad
724 1740 906 1795 gratiam
935 1741 1069 1797 regis,
1104 1742 1299 1797 praeterr
1327 1756 1413 1796 eOS,
1446 1757 1554 1798 quos

58 1796 297 1838 communis
327 1795 516 1838 conditio
546 1796 694 1838 mortis
714 1798 1058 1853 praeoccupavit,
1090 1798 1295 1862 quicquid
1319 1799 1412 1854 ipse
1433 1813 1554 1854 prae-

58 1858 254 1909 ceperat,
297 1858 515 1909 gratanter
554 1867 760 1909 accepere
773 1860 791 1888 ἕ
801 1869 810 1907 ;
854 1859 896 1895 et
924 1853 1270 1910 archieplscopus
1300 1854 1553 1910 Pilegrinus,

59 1908 180 1965 quasi
209 1923 288 1965 pro
319 1908 614 1951 emendatione
674 1909 798 1951 rioris
830 1909 994 1966 culpae,
1023 1910 1282 1966 impetrabat
1309 1926 1335 1953 a
1363 1925 1478 1967 rege,
1508 1915 1556 1952 ut

60 1965 142 2008 sibi
170 1963 316 2007 liceret
344 1965 389 2005 in
418 1964 598 2007 ecclesia
629 1924 874 2008 &oloniensi
909 1966 1103 2021 reginam
1133 1980 1383 2009 consecrare
1395 1974 1426 2008 ².
1483 1967 1554 2010 De

90 2035 146 2062 ua
173 2021 218 2062 in
248 2019 524 2078 sequentibus
546 2020 752 2076 dicturus,
782 2037 896 2064 nunc
916 2022 971 2063 ad
990 2037 1137 2078 regem
1157 2030 1385 2065 revertarss.
1439 2023 1554 2066 Vere

105 2078 145 2120 ei
173 2085 281 2120 nutu
310 2076 468 2120 electus
498 2083 573 2132 est,
604 2079 649 2119 in
671 2092 756 2134 quo
778 2079 870 2134 ipse
891 2078 1083 2134 providit
1102 2080 1405 2134 testimonium,
1437 2078 1555 2136 quod

91 2140 208 2176 ostea
248 2149 327 2176 rex
370 2134 536 2189 accepit
570 2132 625 2175 ab
663 2133 918 2177 hominibus.
977 2134 1084 2176 Erat
1123 2136 1236 2177 enim
1275 2137 1342 2178 vir
1370 2150 1554 2192 magnae

57 2147 319 2244 humilitatis,
349 2189 555 2246 providus
585 2189 782 2244 consilio,
822 2205 956 2232 verax
989 2192 1034 2232 in
1063 2191 1210 2246 dictis,
1252 2199 1479 2235 strennuus
1508 2192 1555 2233 in

58 2245 203 2300 factis,
245 2247 470 2288 minimum
512 2260 690 2300 avarus,
737 2247 928 2288 omnium
967 2262 1119 2303 regum
1155 2248 1198 2288 in
1230 2248 1371 2290 dando
1401 2247 1554 2290 libera-

58 2303 258 2356 lissimus,
279 2302 332 2345 de
353 2304 475 2345 cuius
498 2302 712 2345 *moribus
732 2302 1007 2359 postmodum
1027 2302 1194 2359 plenius
1216 2303 1365 2346 dixero
1379 2311 1409 2346 4.
1440 2303 1554 2346 Illud

59 2359 232 2402 tamen¹¹
261 2358 332 2400 hic
360 2358 588 2401 dicendum
609 2366 684 2413 est,
716 2359 850 2417 quodi
880 2374 1153 2416 nequaquam
1173 2361 1314 2416 potuit
1333 2375 1553 2403 remanere

58 2421 108 2458 ut
133 2414 202 2457 ille
230 2429 317 2457 non
344 2415 466 2457 fieret
493 2416 706 2471 princePS,
738 2423 780 2458 et
808 2416 1039 2470 maximus,
1069 2417 1140 2458 cui
1159 2417 1444 2459 maximarum
1474 2417 1556 2459 vir-

176 2517 206 2551 a)
230 2518 329 2544 omnis
354 2519 379 2544 1.
461 2516 492 2551 d)
515 2519 588 2544 deest
612 2519 646 2550 13
670 2517 745 2552 (non
766 2516 903 2551 gravate)
927 2521 1086 2551 gratanter
1108 2520 1135 2547 2.
1218 2518 1245 2553 c)
1266 2520 1440 2552 obtulitque
1463 2521 1502 2546 ad
1526 2522 1554 2548 1.

59 2557 326 2596 d)¹currudotavit
348 2558 373 2584 1.
437 2557 465 2591 e)
489 2558 664 2590 singulares
687 2558 714 2583 1.
787 2556 810 2590 f)
834 2560 959 2590 propter
982 2559 1008 2585 2.
1070 2558 1101 2592 g)
1125 2559 1267 2592 accipere
1289 2560 1317 2586 2.
1379 2559 1412 2593 h)
1434 2562 1555 2587 tantum

57 2599 92 2624 in
111 2598 242 2630 margine
262 2599 365 2622 tamen
388 2597 415 2623 2.
496 2595 519 2631 i)
543 2603 622 2629 quae
645 2597 672 2624 2.

186 2672 223 2717 1)
251 2672 304 2717 cf.
340 2672 460 2715 Waitz,
487 2673 663 2708 Deutsche
699 2674 1125 2718 Verfassunqeyeschickte
1159 2673 1220 2715 VI,
1252 2675 1342 2714 154;
1369 2675 1554 2710 Barthold.

61 2723 174 2756 107⁷:
200 2724 238 2756 in
263 2724 392 2756 iustum
419 2733 553 2764 regem,
580 2727 755 2757 rectorem
774 2727 810 2757 et
827 2724 1049 2757 defensorem
1072 2725 1180 2756 totius
1198 2725 1301 2767 regni
1319 2725 1552 2758 Francorum.

60 2771 100 2815 2)
126 2771 166 2806 V.
181 2770 281 2815 infra
294 2783 324 2805 c.
338 2772 360 2803 4
376 2775 407 2804 et
424 2770 561 2805 Herim.
576 2770 668 2816 Aug.
687 2773 791 2806 1024.
856 2772 895 2815 3)
919 2772 957 2806 V.
976 2783 1089 2815 supra
1103 2783 1141 2816 p.
1161 2773 1216 2806 10.
1234 2784 1272 2806 π.
1294 2773 1324 2808 1.
1395 2772 1433 2817 4)
1462 2772 1555 2807 Sall.

62 2819 137 2854 Cat.
155 2832 184 2855 c.
199 2821 240 2854 4:
268 2820 313 2854 de
333 2821 432 2854 cuius
451 2821 604 2854 hominis
628 2822 782 2855 moribus
803 2832 921 2865 pauca
946 2822 1047 2866 prius
1073 2821 1302 2865 explananda
1328 2827 1420 2863 sunt,
1449 2833 1556 2866 quam

14 2877 18 2880 ’
59 2870 200 2903 initium
227 2869 396 2903 narrandi
421 2869 563 2902 faciam.

1569 402 1657 431 1024.

1569 2315 1580 2325 ⁸
1589 2325 1619 2352 p.
1641 2317 1710 2345 260.
