1864 3250
428 218 714 253 CHRONIOON
739 218 1021 252 HERIMANNI
1047 219 1323 253 AUGIENSIS.
1575 222 1619 254 71

116 330 154 373 si
180 336 369 397 possent.
429 330 518 374 Sed
554 329 794 373 nullatenus
824 331 885 374 eis
915 329 1120 373 volebant
1148 332 1450 389 acquiescere,
1482 331 1620 376 donec

115 393 277 444 scripto
317 400 569 430 concessum
609 393 675 429 est
714 387 797 430 illis
836 402 862 429 a
897 402 1026 444 rege,
1055 388 1120 430 ius
1150 394 1323 445 patrum
1354 402 1528 430 suorum
1557 389 1620 431 in-

113 442 319 486 violatum
346 450 491 486 tenere
507 452 533 486 ¹.

230 500 352 542 1036.
407 499 693 542 Chuonradus
733 500 967 556 imperator
1004 499 1092 542 filio
1135 515 1211 542 suo
1251 499 1458 543 Heinrico
1500 501 1621 543 Gnut

113 556 230 612 regis
258 555 500 613 Anglorum
530 554 662 598 filiam
699 556 970 598 matrimonio
1000 557 1237 610 coniunxit,
1273 564 1315 599 et
1345 556 1618 612 Chuonrado,

113 611 297 668 patrueli
325 627 416 665 suo,
446 612 648 654 ducatum
670 612 956 654 Adalberonis
984 613 1029 653 in
1058 612 1313 667 Carentano,
1344 612 1415 655 illo
1436 613 1619 668 deiecto,

114 668 341 711 commisit.
398 669 499 725 Ipse
535 683 637 711 vero
675 668 851 711 collecto
889 670 1082 712 exercitu
1115 670 1160 711 in
1189 669 1359 712 Italiam
1387 670 1620 727 incipiente

112 724 268 782 hyeme
300 725 598 782 proficiscitur.

230 781 352 824 1037.
383 781 525 824 'Idem
563 782 818 838 imperator,
857 782 1081 824 nativitate
1117 781 1280 824 domini
1309 782 1481 824 Verone
1512 781 1619 825 cele-

114 836 262 892 brata,
301 837 595 880 Mediolanum
631 837 730 879 inde
769 839 973 894 perrexit.
1030 837 1099 879 Ibi
1137 838 1191 881 ab
1221 837 1546 894 archiepiscopo
1577 844 1620 881 et

115 894 284 936 civibus
313 901 536 951 susceptus
565 893 821 948 honorifice,
853 896 1062 951 quamvis,
1092 901 1141 936 ut
1168 893 1347 948 ferunta,
1389 894 1490 937 ficta
1518 894 1618 949 fide,

113 950 295 994 eundem
327 952 580 1008 episcopum
608 951 708 993 inde
736 950 1015 1007 progrediens
1037 965 1183 993 secum
1203 951 1403 992 Ticinum
1424 950 1622 1005 adduxit,

113 1012 157 1049 et
185 1006 239 1049 de
267 1008 486 1064 inproviso
517 1013 711 1063 captum,
746 1008 870 1063 quasi
898 1022 1019 1049 reum
1049 1008 1304 1061 maiestatis,
1335 1006 1621 1064 Aquilegensi

111 1063 382 1119 patriarchae
403 1063 731 1106 custodiendum
750 1062 938 1106 tradidit.
970 1062 1053 1106 Cui
1072 1062 1142 1105 ille
1162 1069 1300 1106 astute
1315 1064 1420 1119 fuga
1435 1062 1620 1120 elapsus,

113 1135 140 1163 a
186 1118 599 1173 Mediolanensibus,
643 1119 835 1161 idcircob
883 1118 1268 1177 triumphantibus,
1314 1126 1533 1175 gratanter
1574 1120 1621 1161 in

112 1175 265 1219 urbem
299 1182 366 1218 est
403 1181 616 1232 receptus.
673 1175 914 1232 Imperator
956 1183 1120 1229 autem,
1157 1175 1240 1218 hoc
1274 1176 1319 1217 in
1359 1190 1432 1218 eos
1467 1175 1621 1218 ulcisci

113 1233 315 1290 cupiens,
361 1233 583 1275 civitatem
626 1231 771 1274 valida
814 1246 945 1274 manu
981 1231 1169 1283 obsedit,
1210 1238 1253 1274 et
1294 1246 1363 1274 res
1407 1232 1620 1289 episcopii

113 1289 323 1332 exercitui
360 1289 415 1331 ad
453 1288 763 1331 devastandum
801 1288 1026 1345 dispertiit.
1086 1288 1172 1331 Sed
1210 1289 1368 1330 mirum
1414 1295 1456 1330 et
1498 1289 1618 1344 prius

112 1346 363 1388 inusitatum
392 1351 496 1387 tunc
523 1345 730 1401 temporis
759 1343 820 1386 ibi
850 1345 1006 1387 accidit
1035 1345 1297 1401 prodigium.
1338 1344 1451 1387 Nam
1481 1346 1526 1386 in
1547 1344 1618 1387 die

113 1408 382 1444 sacrosancto
426 1408 718 1458 pentecostes,
757 1400 844 1443 sole
889 1401 1132 1455 exoriente,
1161 1402 1256 1443 visa
1295 1407 1395 1443 sunt
1429 1400 1616 1458 desuper
1629 1415 1692 1442 Mai
1713 1416 1762 1445 29.

111 1459 351 1501 exercitum
382 1472 605 1500 coruscare
634 1456 824 1513 fulgura,
866 1459 1033 1513 mugire
1063 1459 1270 1512 tonitrua,
1302 1457 1472 1500 civibus
1502 1458 1615 1500 intra

110 1514 284 1557 moenia
310 1513 417 1557 haec
448 1514 620 1556 omnino
649 1528 737 1555 non
766 1514 1058 1557 sentientibus.
1116 1515 1271 1557 Fertur
1299 1515 1443 1567 etiam,
1479 1528 1614 1570 equos

105 1578 148 1614 et
180 1570 377 1613 homines
414 1585 501 1612 non
536 1584 700 1626 paucos
740 1569 801 1612 ibi
829 1584 856 1611 a
883 1569 1061 1613 fulmine
1091 1585 1184 1613 esse
1214 1571 1456 1624 transfixos,
1486 1585 1613 1626 quos-

104 1627 206 1670 dam
244 1642 348 1670 vero
379 1627 587 1670 daemone
617 1633 824 1683 arreptos
933 1625 1100 1668 Bellum
1131 1628 1243 1669 inter
1274 1626 1531 1669 Gozelinum
1570 1632 1613 1669 et

107 1683 319 1727 Uotonem
359 1683 657 1737 committitur,
690 1683 734 1724 in
764 1696 849 1739 quo
878 1683 1020 1725 Uotoc
1049 1683 1190 1725 victus
1219 1684 1398 1737 interiit,
1430 1683 1610 1739 eiusque
1623 1695 1701 1724 Nov.
1725 1696 1773 1726 ιε.

104 1741 318 1784 exercitus
346 1740 428 1782 hac
456 1739 552 1781 illac
586 1754 640 1781 ue
671 1738 852 1795 diffugit.

219 1797 342 1840 1038.
385 1796 511 1839 Uxor
595 1796 743 1837 einrici
779 1796 893 1850 regis
931 1802 974 1838 et
1008 1795 1139 1838 frater
1182 1796 1273 1837 eius
1317 1795 1610 1837 Herimannus

104 1853 194 1896 dux
223 1852 530 1895 Alamannicus
561 1851 772 1894 obierunt.
819 1851 954 1894 Cuius
985 1851 1189 1893 ducatum
1220 1866 1319 1893 cum
1348 1866 1482 1908 regno
1502 1851 1610 1893 Bur-

103 1908 369 1967 gundionum
398 1909 512 1951 idem
539 1923 618 1950 rex
637 1924 664 1950 a
683 1914 804 1964 patre
835 1922 912 1950 suo
942 1907 1095 1950 eodem
1125 1923 1235 1950 anno
1265 1923 1394 1964 perce
1427 1908 1472 1961 it,
1503 1908 1610 1964 ipsis

105 1965 297 2008 eiusdem
325 1966 447 2021 regni
466 1965 603 2021 princi
637 1965 734 2007 ibus
755 1978 856 2006 cum
876 1965 1114 2007 iuramento
1137 1965 1219 2007 sibi
1237 1964 1368 2006 fidem
1421 1964 1608 2007 antibus.

219 2022 341 2064 1039.
387 2021 590 2064 Chuonra
622 2036 672 2062 us
708 2021 941 2076 imperator
983 2020 1097 2063 diem
1135 2020 1254 2074 obiit,
1295 2026 1337 2062 et
1375 2019 1486 2062 filius
1517 2021 1608 2063 eius
1620 2030 1693 2058 Iun.
1713 2030 1745 2058 ⁴·-

104 2077 334 2120 Heinricus
362 2078 484 2134 regni
513 2076 802 2133 gubernacula
831 2077 1032 2133 suscepit.

272 2318 359 2360 EX
394 2316 704 2360 CHRONICO
736 2315 1076 2358 HERIMANNI
1105 2314 1445 2359 AUGIENSIS.

219 2398 340 2442 1024.
371 2399 589 2441 *Romaed
619 2397 819 2440 defuncto
842 2396 1090 2451 Benedicto,
1118 2396 1249 2439 frater
1277 2398 1368 2439 eius
1393 2397 1674 2440 Iohannes⁸p.
1697 2405 1766 2436 120.

104 2454 273 2509 XVIII,
309 2469 365 2496 ex
400 2454 508 2497 laico
538 2469 652 2511 papa
685 2455 804 2496 14811s
836 2453 1071 2506 ordinatus,
1108 2452 1219 2495 sedit
1247 2455 1370 2495 annis
1399 2454 1532 2496 ferme
1563 2454 1603 2495 9.

103 2511 335 2553 Heinricus
395 2519 558 2568 uoquee
589 2512 820 2567 imperator
850 2511 888 2552 3.
919 2509 1023 2551 Idus
1043 2508 1143 2550 Iulii
1163 2508 1326 2567 absque
1346 2509 1444 2552 filiis
1466 2509 1676 2553 diemf1u1.
1696 2526 1745 2554 ιε.

105 2565 266 2621 obiens,
286 2581 372 2623 apu
423 2568 718 2624 episcopatum
738 2565 1171 2621 Babenbergensemg
1191 2580 1216 2607 a
1232 2582 1276 2608 se
1298 2572 1603 2620 constructum,

205 2688 234 2722 a)
258 2688 305 2715 ΐδῑ·
324 2689 405 2721 cod.;
426 2688 525 2715 fertur
547 2689 588 2716 ed.
656 2687 688 2721 b)
710 2688 740 2714 id
763 2689 844 2714 serio
866 2688 949 2719 cod.,·
971 2687 1127 2712 emendavit
1148 2687 1184 2712 ab
1207 2687 1278 2713 Arx.
1353 2686 1380 2720 c)
1404 2687 1462 2713 Oto
1483 2688 1526 2712 hic
1541 2687 1601 2713 cod.

105 2726 137 2762 d)
158 2728 275 2754 Romae
301 2743 333 2748 --
357 2728 454 2755 ferme
476 2728 517 2753 lx
539 2729 639 2753 desum
662 2729 690 2754 2.
773 2726 802 2761 e)
825 2728 897 2753 deest
921 2727 948 2753 2.
1031 2726 1054 2759 f>
1077 2727 1150 2752 deese
1172 2728 1198 2753 2.
1281 2727 1312 2760 g)
1335 2728 1383 2752 Ba
1403 2727 1478 2752 deest
1502 2728 1530 2752 1.

205 2827 243 2872 1)
272 2840 306 2863 a.
336 2829 443 2870 1037,
469 2827 504 2862 cl.
532 2827 591 2861 28.
617 2838 660 2860 m.
689 2827 802 2867 Maii5
829 2838 861 2861 v.
888 2826 995 2871 Leqy.
1022 2826 1076 2869 II,
1097 2839 1140 2870 p.
1166 2827 1212 2860 38
1231 2825 1243 2837 *
1262 2826 1290 2861 “.
1318 2827 1378 2860 39.
1412 2826 1455 2859 Ρ.
