1864 3250
399 261 609 296 WIPONIS
636 261 792 296 GESTA
819 262 1109 297 C'HUONRADI
1136 263 1237 296 IMP.
1544 262 1565 295 ὅ

63 374 364 431 comperimus.
426 373 498 416 Sic
536 373 682 416 David
721 375 844 430 regis·
873 373 1053 430 praelia,
1093 373 1334 416 Salomonis
1375 373 1565 429 consilia,

64 428 283 472 Gedeonis
301 430 486 486 ingenia,
516 430 876 473 Machabaeorum
908 444 1075 486 pugnas
1103 437 1280 486 propter
1306 431 1388 472 scri
1405 482 1408 484 ‚
1424 437 1567 473 torum

65 486 233 543 copiam
284 501 387 542 prae
437 485 570 527 oculis
625 486 847 528 habemus.
929 487 1106 528 Veteres
1161 486 1276 528 enim
1319 487 1395 542 phi
1414 487 1567 542 osophi

64 541 234 584 diverso
263 542 393 584 modo
423 542 486 584 rei
515 541 712 598 publicae
733 541 1049 584 consuluerunt.
1101 541 1360 585 Referebant
1379 542 1566 599 plerum-

64 613 149 655 que
179 598 346 640 somnia
365 597 608 654 probabilia
625 606 650 652 ¹,
683 598 838 655 quibus
859 599 1023 640 animos
1044 598 1290 640 auditorum
1311 599 1566 642 inducerent

63 655 108 696 in
137 653 196 709 id,
222 654 337 710 quod
357 654 568 697 affirmare
590 655 883 709 instituerunt;
914 654 1129 696 interdum
1156 654 1210 696 ad
1238 655 1353 697 idem
1375 655 1566 697 officium

62 709 280 753 fabulosas
309 711 622 764 narrationes2,
662 710 852 753 honestis
883 711 1010 753 rebus
1041 717 1083 752 et
1112 710 1358 753 nominibus
1388 711 1564 766 velatas,

63 781 162 808 eum
191 765 438 809 huiusmodi
473 767 680 823 figmenta
715 766 775 808 nil
812 766 1106 823 philosophiae
1142 766 1460 823 refragentur³,
1493 767 1565 810 ad-

62 823 341 874 invenerunt3
372 838 501 879 saepe
526 824 684 879 apertis
705 822 1065 879 disputationibus
1085 823 1263 865 rationis
1285 823 1416 865 fidem
1436 824 1565 866 facie-

10 877 15 880 ’
62 877 193 921 bant*
230 879 295 921 rei
338 878 537 935 publicae
580 879 817 921 rectoribus
829 887 858 932 ⁵,
901 880 1067 920 animos
1112 879 1323 921 humanos
1367 885 1564 922 aeternos

62 949 169 989 esse,
209 942 252 978 et
296 960 344 965 ——
386 941 434 977 ut
472 935 602 978 refert
629 935 877 977 Macrobius
917 935 1138 978 Socratem
1180 936 1343 978 dixisse
1382 962 1433 968 —
1475 937 1564 978 ani-

63 1005 178 1032 mam
197 997 297 1047 post
316 990 473 1032 animal
493 1006 580 1033 non
608 992 795 1048 perire⁶;
825 998 954 1048 atque
986 1006 1133 1033 omnes
1163 1007 1274 1048 pene
1304 991 1562 1048 philosophi,

61 1046 239 1089 humani
267 1047 399 1089 studii
427 1047 613 1090 fructum
642 1061 729 1089 non
757 1055 871 1089 unaa
903 1062 999 1089 cum
1028 1049 1116 1090 vita
1145 1049 1281 1104 ipsius
1301 1049 1522 1090 terminari
1535 1057 1562 1102 ⁷,

62 1102 138 1146 sed
178 1118 325 1146 omnes
363 1104 435 1160 qui
474 1104 658 1160 patriam
697 1103 939 1145 adiuverint
977 1110 1019 1145 et
1045 1103 1187 1159 legem
1217 1105 1566 1147 conservaverint

62 1160 321 1216 sempiterno
352 1174 458 1202 aevo
488 1159 667 1202 feliciter
703 1159 866 1215 perfrui
879 1166 908 1212 ⁸,
948 1160 1132 1202 iustitiae
1162 1175 1266 1202 vero
1298 1166 1561 1217 contempto-

59 1214 180 1258 ribus
214 1216 315 1258 iusti
345 1214 559 1258 Creatoris
589 1215 750 1258 iudicio
781 1230 964 1272 poenam
999 1216 1231 1270 reservari,
1268 1215 1562 1259 indubitanter

60 1270 312 1314 docuerunt.
369 1272 572 1314 Animam
601 1287 704 1314 vero
733 1272 966 1313 humanam
994 1271 1278 1315 immortalem
1303 1287 1407 1326 esse,
1438 1272 1484 1314 id.
1504 1287 1561 1315 ex

60 1327 205 1371 multis
223 1329 459 1371 rationibus
479 1329 758 1385 probaruntb,
788 1334 879 1370 tum
905 1328 1003 1370 inde
1032 1327 1161 1386 quod,
1192 1328 1295 1371 dum
1317 1330 1561 1385 corporeis⁰

59 1384 273 1427 nexibus⁹
316 1383 481 1426 inclusa
524 1399 574 1427 ea
615 1384 810 1427 libertate
854 1385 1050 1439 utaturd,
1095 1391 1142 1426 ut
1183 1385 1312 1427 modo
1357 1385 1559 1442 sydereos

59 1455 274 1494 recessus,
316 1440 445 1483 modo
490 1447 730 1495 terrestres,
775 1440 991 1482 interdum
1032 1441 1197 1482 marina
1236 1441 1401 1495 abdita,
1449 1456 1559 1498 quae

59 1510 296 1553 numquam
325 1511 398 1539 cor
431 1497 601 1539 oraliter
638 1497 836 1550 videbat,
876 1497 1018 1539 vivaci
1056 1504 1252 1539 motae-¹0
1288 1497 1559 1553 cogitationis

59 1553 330 1609 percurratf3
384 1554 440 1595 ai
473 1554 614 1595 uando
653 1552 881 1609 vigilante,
919 1552 1134 1595 interdum
1180 1555 1425 1609 quiescente
1470 1568 1559 1595 cor-

23 1623 29 1625 *
58 1621 187 1666 pore,·
224 1608 409 1666 plurima
464 1617 589 1652 utura
628 1624 727 1664 suo,
772 1624 858 1651 non
897 1608 1035 1651 alieno
1070 1610 1168 1651 visu
1207 1609 1381 1666 colligat
1420 1624 1559 1666 eaque

58 1667 266 1708 memoria
291 1666 492 1708 retineat:
532 1664 737 1708 nebuloso
778 1665 988 1707 velamine
1020 1666 1189 1707 carnis&
1229 1674 1379 1719 exuta,
1425 1665 1557 1708 multo

57 1721 233 1764 liberius
273 1721 423 1764 eadem
462 1722 691 1764 vivacitate
728 1721 982 1778 perfruatur.
1041 1721 1179 1778 quue
1219 1721 1414 1776 credere,
1454 1723 1559 1778 quin

58 1778 201 1834 potius
231 1778 352 1831 scire,
381 1779 571 1820 maximo
592 1779 689 1819 usui
707 1777 797 1820 fore
819 1778 1088 1834 principibus
1108 1777 1292 1831 aiebant,
1325 1778 1400 1835 qui
1429 1792 1558 1834 saepe

58 1849 138 1891 per
179 1833 448 1876 insolentiam
493 1840 784 1891 torpescentes
798 1842 855 1888 ¹¹,
916 1834 1131 1890 sequentis
1175 1834 1287 1876 vitae
1333 1834 1559 1876 commoda

100 1970 103 1971 ⁷
178 1942 208 1977 a)
231 1944 315 1970 deest.
338 1945 366 1970 1.
447 1943 478 1976 b)
501 1944 670 1976 probarent
694 1945 720 1969 1.
803 1942 831 1977 c)
855 1943 992 1976 corporis
1015 1944 1041 1970 l.
1105 1941 1136 1977 d)
1160 1943 1257 1969 utitur
1279 1944 1307 1969 2.
1370 1942 1399 1977 e)
1422 1945 1509 1970 metu
1532 1944 1559 1970 1.

58 1982 85 2018 f)
105 1984 259 2017 percurrit
281 1984 306 2010 1.
387 1982 418 2017 g)
441 1984 542 2009 carius
567 1984 594 2009 1.

183 2070 222 2115 1)
257 2071 416 2104 Macrob.
446 2070 572 2104 Comm.
613 2070 652 2103 in
685 2082 795 2104 somn.
827 2069 923 2113 Scip.
951 2069 983 2112 Ι,
1019 2071 1053 2113 3,
1085 2071 1151 2103 12:
1188 2071 1392 2114 probabilia
1426 2082 1564 2114 genera

60 2119 125 2165 (sc.
139 2122 383 2162 somniorum).
485 2119 523 2163 2)
558 2119 717 2153 Macrob.
737 2120 758 2153 l.
774 2120 797 2152 Ζ.
819 2119 851 2160 Ι,
871 2121 904 2162 2,
925 2119 965 2152 9:
994 2123 1028 2152 et
1054 2120 1124 2153 hoc
1143 2121 1213 2152 iam
1234 2123 1384 2153 vocatur
1401 2121 1562 2154 narratio

59 2170 236 2204 fabulosa.
337 2169 376 2212 3)
410 2169 570 2203 Mam-ob.
599 2169 622 2202 Ζ.
650 2169 672 2201 Ζ.
703 2168 793 2210 1,,2,
824 2169 888 2201 11:
925 2179 1110 2202 sacrarum
1136 2179 1254 2202 rerum
1280 2171 1379 2203 notio
1407 2170 1473 2203 sub
1500 2171 1562 2213 pio

58 2218 309 2262 figmentorum
334 2218 534 2260 velamine,
574 2218 732 2251 honestis
773 2222 807 2250 et
844 2221 942 2251 tecta
980 2218 1087 2251 rebus
1124 2222 1160 2250 et
1194 2219 1325 2250 vestita
1359 2219 1562 2252 nominibus

61 2270 276 2309 enuntiatur,
311 2272 345 2301 et
373 2268 442 2300 hoc
470 2272 524 2301 est
558 2267 673 2300 solum
708 2266 871 2309 figmenti
903 2277 1035 2309 genus,
1073 2266 1169 2309 quod
1198 2268 1319 2300 cautio
1348 2267 1392 2300 de
1430 2267 1561 2300 divinis

61 2317 168 2351 rebus
193 2317 480 2361 philosophantis
514 2317 680 2349 admittit.
782 2314 820 2358 4)
856 2315 1016 2348 Macrob.
1045 2317 1067 2349 Ζ.
1094 2315 1117 2348 Ζ.
1146 2314 1177 2357 I,
1208 2317 1239 2358 1,
1268 2316 1308 2348 6:
1342 2316 1412 2348 fide
1442 2320 1562 2349 autem

61 2366 159 2399 facta
203 2366 454 2410 perpetuitatis
501 2366 711 2398 animarum.
854 2363 892 2407 5)
931 2364 1091 2398 Macroh.
1126 2364 1148 2397 Ζ.
1185 2364 1207 2396 Ζ.
1243 2363 1275 2406 Ι,
1303 2365 1336 2407 8,
1364 2365 1401 2398 4:
1445 2376 1563 2398 rerum

63 2414 286 2458 publicarum
312 2419 481 2448 rectores.
582 2413 620 2457 6)
661 2413 817 2448 Macrob.
847 2414 868 2446 Ζ.
897 2414 919 2447 Ζ.
947 2413 978 2454 Ι,
1010 2415 1040 2456 1,
1071 2414 1091 2445 7
1105 2425 1112 2445 :
1150 2413 1272 2447 docuit
1298 2415 1453 2447 animam
1480 2418 1562 2458 post

63 2464 198 2497 animal
232 2474 303 2497 non
328 2465 457 2508 perire.
560 2461 597 2506 7)
636 2462 796 2496 Macrob.
824 2463 846 2498 Ζ.
876 2463 898 2495 Ζ.
927 2462 958 2504 Ι,
988 2463 1019 2505 1,
1049 2463 1090 2494 5:
1125 2473 1231 2505 quam
1266 2464 1297 2496 si
1321 2463 1456 2496 fructus
1485 2464 1564 2496 eius

63 2522 135 2546 non
160 2512 342 2546 videretur
367 2523 446 2546 cum
471 2513 545 2546 vita
571 2512 725 2545 hominis
751 2513 947 2545 terminari.
1049 2511 1089 2555 8)
1115 2510 1276 2545 Macrob.
1305 2512 1328 2545 Ζ.
1352 2512 1373 2545 Ζ.
1401 2511 1434 2553 Ι,
1461 2512 1495 2554 4,
1520 2512 1563 2544 4:

64 2562 228 2596 omnibus
255 2562 316 2604 qui
334 2563 484 2605 patriam
503 2561 806 2601 conservaverint,
833 2561 1046 2602 adiuverint,
1072 2562 1246 2604 auxerint,
1275 2565 1412 2594 certum
1431 2571 1509 2594 esse
1528 2563 1566 2593 in

66 2610 168 2644 caelo
183 2610 368 2644 definitum
385 2610 517 2652 locum,
534 2610 597 2643 ubi
614 2610 711 2643 beati
728 2610 944 2654 sempiterno
963 2620 1052 2643 aevo
1071 2610 1243 2643 fruantur.
1337 2609 1376 2652 9)
1404 2609 1565 2643 Macrob.

63 2661 88 2693 Ζ.
115 2659 138 2693 Ζ.
165 2659 198 2702 Ι,
226 2660 257 2699 1,
285 2659 327 2692 6:
370 2669 592 2702 consequens
628 2669 706 2692 esse
743 2659 1007 2698 animadvertit,
1044 2662 1080 2692 ut
1116 2662 1214 2691 certa
1246 2658 1317 2692 illis
1352 2658 1435 2692 loca
1467 2669 1564 2691 nexu

66 2710 224 2753 corporis
250 2708 424 2742 absolutis
452 2709 624 2751 deputata
649 2709 731 2741 sint.
826 2707 887 2750 10)
914 2707 969 2740 De
995 2711 1090 2740 motu
1117 2707 1258 2741 animae
1284 2708 1377 2750 cons.
1403 2707 1568 2742 Mam-ob.

65 2758 90 2792 Ζ.
116 2758 140 2791 Ζ.
167 2759 217 2797 ΙΙ,
246 2758 303 2797 16,
331 2758 366 2791 3.
468 2756 528 2799 11)
557 2754 646 2790 Sall.
665 2756 746 2801 Juq.
769 2768 797 2790 c.
817 2758 858 2790 2:
885 2757 1068 2800 ingenium
1094 2757 1232 2790 incultu
1259 2761 1367 2800 atque
1394 2756 1566 2790 socordia

64 2811 270 2850 torpescere
295 2808 426 2841 sinunt.
481 2803 555 2839 Cat.
590 2816 619 2839 c.
649 2806 713 2839 16:
741 2816 786 2839 ne
812 2817 876 2850 per
905 2807 1016 2840 otium
1055 2809 1302 2849 torpescerent
1337 2809 1398 2839 aut
1435 2816 1564 2838 manus

64 2859 130 2890 mut
154 2857 304 2890 animus.
