1864 3250
210 507 298 532 1032.

234 1677 303 1701 Iun.

166 1792 214 1827 'p.
238 1794 304 1822 270.

306 255 356 287 36
641 255 849 289 WIPONIS
878 255 1033 289 GESTA
1060 256 1349 300 CHUONRADI
1377 256 1475 290 ΙΜΡ.

364 367 434 409 29.
493 366 788 408 Ruodolfus
828 382 924 408 rex
962 367 1306 422 Burgundiae
1352 367 1515 421 obiit,
1555 373 1607 410 et
1645 365 1758 410 Odo

747 437 970 477 regnum
1000 424 1119 464 eius
1150 423 1371 465 invasit.

423 489 549 531 Anno
579 490 758 531 Domini
789 491 910 531 1032.
941 489 1176 531 Ruodolfus
1215 506 1294 533 rex
1331 490 1628 546 Burgundiae‚
1669 505 1802 534 avun-

311 545 431 588 culus
468 545 638 588 Giselae
681 545 985 601 imperatricis,
1025 545 1130 587 obiit
1171 546 1215 587 in
1258 555 1413 602 pacel,
1459 547 1577 588 cuius
1622 559 1803 603 regnum

310 616 453 644 comes
484 601 610 644 Oudo
641 601 921 657 Francigena,
952 600 1063 643 filius
1086 602 1241 643 sororis
1268 616 1382 655 suae,
1412 603 1584 657 invasit,
1614 609 1656 644 et
1706 617 1802 646 uae-

310 658 410 699 dam
441 663 579 699 castra
618 657 903 699 munitissima
947 658 1035 699 sive
1081 658 1273 700 civitates
1318 673 1394 699 seu
1437 657 1534 699 dolo
1579 673 1655 700 seu
1723 658 1801 701 ello

311 719 499 769 ceperat:
539 728 619 755 nec
654 729 699 755 se
729 728 875 768 regem
904 727 1032 755 ausus
1064 720 1127 755 est
1156 713 1311 767 facere,
1341 727 1421 755 nec
1451 719 1595 756 tamen
1623 729 1803 770 regnum

309 770 445 812 voluit
488 769 713 811 dimittere.
771 768 1029 811 Referebant
1073 769 1268 826 quidam,
1319 768 1440 810 illum
1469 769 1629 812 dixisse
1660 784 1801 827 saepe,

312 825 428 883 quod
457 839 694 881 numquam
723 840 801 867 rex
830 825 940 878 fieri,
987 824 1062 866 sed
1099 831 1244 866 tamen
1279 839 1449 881 semper
1476 826 1680 881 magister
1710 841 1803 868 esse

310 882 425 938 regis
455 881 594 923 vellet.
656 882 719 922 Eo
742 880 868 921 modo
895 895 1096 934 magnam
1117 887 1281 936 partem
1297 880 1572 936 Burgundiae
1594 880 1803 936 distraxit,

310 937 410 980 licet
438 952 620 993 regnum
650 936 927 991 Burgundiae
959 936 1215 978 Chuonrado
1250 937 1496 992 imperatori
1526 942 1569 978 et
1595 936 1683 979 filio
1714 939 1804 980 eius

311 994 519 1036 Heinrico
550 993 642 1048 regi
671 1007 696 1033 a
718 992 927 1034 Ruodolfo
965 1008 1079 1047 rege,
1109 998 1337 1049 postquam
1359 993 1452 1048 ipse
1474 999 1688 1049 superstes
1718 1007 1805 1035 non

313 1057 435 1103 esset,
466 1064 543 1104 per
572 1047 869 1090 iusiurandum
898 1049 984 1089 iam
1005 1048 1167 1090 dudum
1199 1048 1496 1090 confirmatum
1519 1055 1630 1091 esset
1642 1056 1670 1092 ².
1717 1048 1804 1092 Sed

313 1105 416 1147 dum
449 1104 576 1148 Oudo
608 1103 782 1146 consula
816 1104 923 1145 haec
952 1105 997 1145 in
1026 1104 1281 1160 Burgundia
1309 1104 1490 1157 faceret,
1522 1103 1803 1147 Ohuonradus

312 1162 544 1217 imperator
574 1162 619 1201 in
641 1159 897 1202 Sclavoniab
930 1174 1027 1201 cum
1048 1161 1176 1201 armis
1205 1160 1353 1203 fuerat.
1414 1159 1529 1212 Quid
1558 1161 1618 1202 ibi
1647 1167 1804 1217 ageret,

312 1217 381 1259 vel
412 1216 593 1273 qualiter
622 1223 771 1272 postea
802 1215 1031 1258 Oudonem
1060 1215 1285 1272 repulisset
1315 1216 1367 1257 de
1398 1215 1670 1272 Burgundia,
1706 1231 1805 1259 con-

313 1279 540 1329 sequenter
578 1273 733 1314 dicam.
795 1271 936 1328 Supra
980 1272 1118 1313 dictus
1157 1271 1372 1313 Bolizlaus
1414 1272 1504 1313 dux
1546 1271 1806 1315 Bolanorum

313 1336 548 1382 mortuuss,
578 1327 751 1384 reliquit
772 1328 878 1369 duos
899 1326 1021 1382 filios,
1052 1328 1306 1370 Misiconem
1328 1334 1369 1370 et
1389 1327 1604 1371 Ottonem.
1649 1328 1803 1371 Misico

314 1384 418 1426 dum
446 1384 620 1426 fratrem
665 1399 788 1425 suum
819 1383 1022 1426 Ottonem
1066 1390 1414 1440 persequeretur,
1456 1382 1678 1439 expulerat
1707 1399 1807 1426 eum

313 1441 358 1482 in
402 1441 604 1482 Ruzziam
616 1448 643 1483 ⁰.
712 1440 832 1481 Dum
875 1439 938 1482 ibi
980 1439 1244 1496 aliquantum
1291 1446 1461 1495 tempus
1510 1438 1808 1483 miserabiliter

313 1497 495 1550 viveret,
542 1496 683 1552 coepit
725 1510 876 1551 rogare
921 1496 1103 1551 gratiam
1147 1496 1414 1552 imperatoris
1447 1495 1714 1550 Ohuonradi,
1758 1502 1807 1538 ut

314 1553 330 1594 i
364 1566 409 1593 so
439 1552 724 1608 impetranted
756 1560 797 1594 et
825 1552 998 1594 iuvante
1019 1552 1311 1593 restitueretur
1329 1552 1491 1607 patriae
1513 1566 1629 1594 suae.
1678 1551 1808 1605 Quod

347 1623 421 1649 um
450 1609 683 1665 imperator
702 1607 843 1649 facere
872 1606 1012 1661 vellet,
1043 1607 1242 1660 decrevit,
1274 1613 1321 1649 ut
1338 1609 1430 1663 ipse
1456 1621 1555 1648 cum
1585 1609 1720 1664 copiis
1751 1622 1808 1651 ex

318 1678 404 1705 una
432 1671 575 1720 parte,
622 1678 677 1705 ex
713 1663 844 1705 altera
881 1663 1012 1705 frater
1043 1663 1144 1706 Otto
1174 1663 1426 1705 Misiconem
1459 1663 1807 1719 aggrederentur.

317 1720 448 1762 Hunc
478 1721 686 1776 impetum
715 1719 868 1761 Misico
898 1718 1009 1761 ferre
1039 1734 1125 1760 non
1154 1719 1314 1770 valens,
1344 1719 1455 1775 fugit
1483 1721 1528 1760 in
1556 1719 1807 1762 Bohemiam

317 1775 373 1817 ad
404 1776 706 1818 *Uodalricum
747 1775 922 1828 ducem,
955 1777 1025 1816 cui
1053 1782 1155 1817 tunc
1183 1775 1387 1831 temporis
1415 1775 1647 1831 imperator
1674 1776 1808 1818 iratus

317 1831 468 1874 fuerat.
529 1831 615 1874 Sed
657 1831 748 1885 ille,
795 1838 843 1873 ut
881 1832 942 1872 sic
978 1830 1168 1887 placaret
1196 1832 1519 1886 imperatorem,
1561 1830 1695 1873 voluit
1725 1830 1808 1873 sibi

314 1887 492 1930 reddere
513 1888 788 1941 Misiconem3
821 1886 935 1943 quod
961 1892 1135 1942 pactum
1162 1886 1415 1928 sceleratum
1444 1887 1615 1930 rennuit
1645 1901 1804 1942 caesar,

313 1944 460 1986 dicens
492 1959 536 1986 se
566 1942 678 1985 nolle
706 1943 924 1984 inimicum
954 1957 1094 1984 emere
1123 1942 1177 1984 ab
1207 1943 1394 1984 inimico.
1455 1943 1557 1985 Otto
1588 1944 1808 1986 restitutus

313 2001 478 2056 patriae
510 2005 551 2041 et
579 1999 670 2040 dux
698 1999 836 2041 factus
867 2014 892 2040 a
922 2012 1112 2051 caesare,
1158 1998 1260 2039 dum
1297 2006 1394 2054 post
1432 1998 1605 2055 aliquod
1637 2005 1807 2056 tempus

313 2055 455 2097 minus
486 2061 610 2097 caute
640 2060 796 2111 ageret,
827 2069 852 2095 a
911 2054 1067 2096 nodam
1097 2054 1294 2095 familiari
1324 2069 1400 2096 suo
1431 2054 1541 2096 clam
1560 2054 1807 2098 interfectus

315 2117 392 2155 est.
450 2112 572 2152 Tunc
591 2111 742 2152 Misico
774 2110 888 2152 omni
919 2126 969 2152 us
999 2109 1137 2151 modis
1168 2110 1398 2166 quaerebat
1425 2111 1607 2166 gratiam
1626 2111 1807 2167 impera-

313 2168 430 2208 tricis
463 2165 632 2209 Giselae
672 2173 714 2208 et
750 2165 1010 2222 reliquorum
1039 2166 1297 2222 principum,
1333 2173 1380 2208 ut
1409 2172 1640 2209 mereretur
1667 2167 1807 2209 redire

315 2222 371 2264 ad
414 2223 598 2278 gratiam
640 2222 921 2278 imperatoris.
982 2221 1140 2263 Caesar
1174 2221 1466 2263 misericordia
1495 2229 1648 2276 motus,
1690 2222 1808 2265 dedit

316 2277 399 2320 sibi
428 2279 622 2331 veniam,
667 2285 709 2320 et
744 2278 883 2320 divisa
921 2278 1142 2333 provincia
1170 2277 1430 2319 Bolanorum
1459 2278 1503 2318 in
1532 2284 1617 2319 tres
1647 2285 1806 2334 partes,

314 2335 569 2377 Misiconem
598 2334 701 2377 fecit
729 2333 998 2387 tetrarcham,
1029 2333 1213 2390 reliquas
1244 2334 1350 2375 duas
1381 2333 1547 2376 duobus
1577 2333 1671 2375 aliis
1694 2348 1806 2375 com-

315 2390 552 2444 mendavit,
585 2391 647 2431 sic
675 2390 901 2431 imminuta
929 2395 1151 2446 potestate,
1181 2390 1320 2430 minor
1347 2389 1459 2431 facta
1488 2396 1553 2432 est
1578 2390 1805 2433 temeritas.

315 2446 531 2488 Defuncto
546 2446 755 2488 Misicone
765 2452 795 2499 4,
814 2445 1086 2499 Gazmerus⁰‚
1117 2445 1228 2487 filius
1258 2445 1362 2499 eius,
1393 2444 1575 2488 fideliter
1594 2446 1806 2489 serviebat

315 2501 400 2544 huc
429 2510 591 2559 usque⁵
620 2501 948 2558 imperatoribus
977 2502 1147 2543 nostris.

435 2621 465 2656 a)
497 2629 599 2648 comes
622 2624 650 2650 2.
750 2621 782 2656 b)
815 2622 1001 2648 Schlavonia
1023 2623 1060 2649 1..
1149 2620 1178 2655 c)
1206 2621 1350 2647 Russiam
1374 2623 1400 2649 1.
1422 2622 1450 2651 2,
1529 2621 1560 2656 d)
1581 2623 1754 2656 imperante
1779 2623 1806 2649 2.

316 2659 346 2694 e)
370 2660 541 2687 Gahmerus
564 2663 598 2693 1?
622 2662 790 2688 Casimirus
816 2663 841 2689 2.

442 2748 480 2791 1)
506 2749 542 2782 d.
571 2750 602 2782 6.
630 2761 675 2782 m.
703 2747 926 2791 Septembris.
1027 2747 1065 2792 2)
1091 2760 1125 2782 a.
1147 2749 1259 2790 10273
1287 2760 1320 2783 v.
1349 2759 1462 2792 supra
1487 2760 1513 2781 c.
1531 2749 1590 2784 21,
1692 2747 1731 2792 3)
1752 2747 1807 2792 Cf.

316 2795 412 2832 Ann.
438 2797 602 2831 Hildesh.
630 2796 696 2831 SS.
712 2796 788 2838 III,
803 2798 848 2830 99
875 2802 907 2830 et
934 2795 1289 2831 ChromPolonorum
1303 2796 1368 2831 SS.
1385 2797 1450 2839 IX,
1466 2797 1551 2830 436.
1577 2797 1621 2831 Ρ.
1696 2796 1736 2840 4)
1769 2797 1806 2831 d.

321 2847 377 2880 15.
403 2858 450 2880 m.
476 2845 603 2879 Martii
628 2858 662 2880 a.
693 2847 798 2878 1034.
901 2845 938 2888 5)
965 2845 1069 2879 Anno
1098 2846 1204 2880 1050.
1228 2845 1355 2880 iterum
1380 2845 1518 2880 rebellis
1544 2845 1668 2880 extitit.
1694 2845 1736 2881 P.
