1864 3250
309 241 330 273 8
633 243 845 277 WIPONIS
874 243 1027 278 GESTA
1055 244 1344 278 CHUONRADI
1369 244 1469 278 IMP.

205 370 292 397 1024.
307 354 556 396 auctoritate
576 353 631 395 ad
651 355 876 397 tutandum
895 355 1037 396 locum
1067 354 1291 411 privilegia
1320 354 1494 411 publica
1523 354 1795 412 stipulatione

307 409 586 452 confirmavit.
644 411 747 452 Post
782 411 841 451 im
875 411 1051 452 eratoris
1092 409 1255 452 obitum
1298 425 1366 452 res
1405 409 1595 467 publica,
1639 412 1796 454 amisso

304 472 451 522 patrea
479 471 699 521 tamquam
730 465 831 507 deso
850 471 944 520 ata,
974 467 1019 506 in
1047 465 1169 508 brevi
1197 465 1396 507 vacillare
1427 467 1581 523 coepit.
1638 466 1795 509 Undeb

306 522 460 577 cuique
491 521 678 577 optimo⁰
706 528 844 563 metus
875 528 918 563 et
947 521 1207 574 sollicitudo,
1237 522 1434 577 pessimis
1455 528 1595 564 autem
1623 522 1670 564 in
1695 528 1795 565 voto

305 578 533 632 imperium
553 576 786 631 periclitari
807 583 911 620 erat.
957 577 1118 619 Verum
1135 577 1282 619 divina
1301 577 1570 632 providentia
1589 577 1796 620 anchoras

306 632 510 675 ecclesiae
531 633 744 674 commisit
772 633 904 675 virisd
933 633 1248 688 pontificalibus
1279 639 1321 675 et
1340 632 1406 674 his
1426 633 1796 689 gubernatoribus,

306 687 451 744 quales
482 688 537 729 ad
567 688 806 730 ducendam
835 691 1018 744 patriam
1049 690 1137 730 sine
1167 690 1331 731 iactura
1359 689 1405 730 in
1424 695 1595 745 portum
1617 690 1796 747 quietis⁸

305 758 355 786 eo
386 750 576 798 tempore
616 759 839 800 superesse
878 744 1113 800 oportebat.
1170 744 1283 786 Nam
1319 759 1416 785 eum
1445 745 1677 800 imperator
1705 745 1797 788 sine

303 798 402 840 filiis
435 799 620 853 obiisset,
653 799 833 856 quilibet
861 801 1182 856 potentissimus
1211 799 1467 842 secularium
1487 801 1733 858 principum
1751 801 1798 842 vi

304 855 442 910 magis
472 870 599 911 quam
628 856 801 912 ingenio
832 857 1046 898 nitebatur
1075 862 1149 897 aut
1178 855 1271 898 fieri
1294 856 1471 912 primus,
1501 862 1576 898 aut
1624 869 1798 898 uacum-

305 925 387 967 que
418 912 613 966 pactione
649 926 674 952 a
703 912 841 967 primo
872 911 1098 953 secundus.
1157 911 1228 953 Ex
1287 926 1343 953 ua
1371 927 1417 954 re
1447 911 1588 954 discor
1621 913 1661 953 'a
1688 926 1797 968 pene

304 973 440 1008 totum
471 982 651 1022 regnum
681 967 884 1021 invasit13
921 967 1029 1009 adeo
1069 974 1115 1009 ut
1153 968 1198 1009 in
1237 983 1264 1023 p
1284 969 1364 1009 eris
1397 967 1472 1009 uef
1496 966 1602 1010 locis
1631 967 1797 1021 caedes,

303 1021 512 1075 incendia,
545 1024 718 1078 rapinae
747 1023 911 1076 fierent,
942 1024 977 1064 si
997 1038 1083 1064 non
1103 1024 1138 1064 is
1159 1024 1342 1079 impetus
1362 1024 1375 1063 i
1408 1023 1588 1065 ustrium
1606 1023 1798 1066 virorum

306 1077 543 1120 sufflamine
572 1079 864 1135 impediretur.
908 1079 1166 1134 Imperatrix
1194 1094 1294 1121 vero
1318 1078 1619 1135 Chunigunda,
1650 1093 1799 1136 quam-

305 1148 434 1190 quam
455 1133 637 1176 maritali
656 1135 804 1190 vigore
827 1134 1028 1177 destituta
1057 1135 1206 1188 foretg,
1236 1142 1380 1177 tamen
1410 1133 1586 1177 consilio
1616 1134 1796 1176 fratrum

305 1204 493 1243 suorum,
524 1189 782 1232 Theodorici
811 1190 1031 1232 Mettensis
1062 1191 1254 1246 episcopi
1291 1197 1333 1232 et
1364 1189 1636 1232 Hezzilonish
1674 1191 1796 1232 ducis

305 1245 542 1300 Baioariae,
574 1261 652 1302 pro
674 1246 835 1288 viribus
865 1247 927 1289 rei
949 1245 1147 1302 publicae
1174 1246 1471 1289 succurrebati
1501 1252 1543 1288 et
1562 1245 1617 1288 ad
1637 1252 1796 1289 restau-

303 1302 513 1343 rationem
556 1302 756 1358 imperiik
798 1303 955 1344 acieml
998 1302 1191 1344 mentism
1236 1301 1416 1344 sollicita
1461 1301 1797 1345 consideratione

305 1356 474 1399 direxit.

419 1413 502 1454 Res
531 1414 637 1468 petit
650 1421 677 1467 ²,
714 1420 761 1456 ut
790 1413 931 1455 dicam
961 1428 1225 1455 summorum
1254 1414 1427 1455 nomina
1455 1413 1679 1470 quaedam,

306 1483 380 1510 seu
433 1469 652 1510 ontificum
674 1470 763 1511 sive
785 1468 1066 1512 saecularium
1087 1470 1343 1525 principum,
1375 1469 1448 1525 qui
1467 1475 1570 1511 tunc
1590 1469 1636 1510 in
1653 1469 1798 1525 regnis

306 1524 404 1580 vige
435 1531 520 1579 ant,

531 1581 725 1633 Quorum
755 1580 943 1622 consiliis
975 1581 1195 1623 consuevit
1225 1580 1406 1622 Francia
1434 1594 1557 1636 reges

305 1634 484 1691 eligere,
524 1651 578 1677 ne
618 1651 668 1678 ea
704 1651 813 1692 quae
853 1636 1044 1678 dicturus
1077 1651 1172 1677 sum
1210 1636 1332 1693 quasi
1368 1636 1544 1678 fortuitu
1572 1634 1798 1678 videantur

305 1690 410 1745 fieri,
441 1691 517 1733 sed
546 1697 633 1746 utn,
665 1692 780 1748 quod
809 1691 1238 1748 prudentissimorum
1267 1692 1455 1734 virorum
1486 1690 1678 1733 consulto
1709 1706 1797 1734 cer—

305 1748 422 1788 nitur
450 1754 616 1801 actum,
654 1747 756 1789 utile
793 1754 835 1790 et
863 1747 1088 1791 honestum
1120 1754 1247 1804 atque
1278 1748 1488 1804 optimum
1517 1747 1677 1789 factum
1708 1761 1797 1790 cre-

306 1803 443 1845 datur.
500 1803 566 1844 Eo
596 1809 788 1860 tempore
818 1803 1231 1860 archiepiscopatum
1260 1804 1656 1859 Moguntinensem⁰
1685 1803 1798 1846 rexit

306 1858 483 1912 AriboP,
520 1861 690 1901 natione
719 1859 914 1914 Noricus,
955 1858 1109 1902 nobilis
1141 1865 1183 1901 et
1212 1860 1395 1915 sapienS,
1427 1865 1554 1915 aptus
1582 1857 1798 1915 regalibus

306 1913 541 1969 consiliisq3
584 1914 881 1957 Goloniensem
923 1930 1025 1957 vero
1070 1914 1485 1971 archiepiscopatum
1531 1915 1798 1970 Pilegrinusr

305 1971 461 2020 tenuit,
508 1971 879 2025 consanguineus³
922 1969 1148 2014 Ariboniss
1191 1970 1547 2027 archiepiscopit,
1590 1970 1796 2026 providus

307 2032 379 2067 etu
408 2025 464 2067 ad
499 2026 543 2068 id
574 2026 761 2068 officium
799 2026 1000 2081 idoneus3
1040 2027 1346 2068 Treverensem
1380 2040 1557 2083 quoque
1590 2025 1797 2092 archiepi-

307 2088 528 2138 scopatum
558 2081 842 2137 gubernavitv
878 2082 1051 2139 Poppo,
1081 2082 1210 2124 frater
1238 2083 1410 2124 Ernesti
1440 2081 1575 2136 duciS,
1605 2083 1673 2124 vir
1700 2096 1797 2138 pius

307 2142 387 2178 etW
417 2136 601 2191 humilis,
646 2138 719 2194 qui
761 2137 911 2180 eodem
941 2144 1134 2194 tempore
1174 2137 1309 2179 filium
1343 2138 1485 2180 fratris
1524 2138 1602 2192 sui,
1643 2137 1798 2180 ducem

305 2192 550 2247 Ernestum,
571 2208 670 2235 cum
690 2193 851 2235 ducatu
866 2193 1146 2235 Alamannico
1169 2194 1247 2236 sub
1268 2193 1400 2235 tutela
1419 2192 1589 2247 habuit;
1619 2193 1798 2236 Metten-

306 2263 397 2290 sem
418 2250 713 2305 episcopatum
734 2249 1039 2304 Theodoricus,
1069 2248 1222 2292 nobilis
1243 2256 1285 2291 et
1310 2250 1355 2292 in
1379 2250 1534 2292 virtute
1555 2255 1796 2304 strennuus,

425 2361 455 2396 a)
479 2363 593 2389 amisso
614 2365 700 2395 patre
722 2364 823 2389 desunt
846 2365 873 2391 1.
954 2363 986 2397 b)
1009 2364 1082 2390 deest
1105 2365 1132 2389 1.
1216 2363 1243 2398 c)
1266 2364 1372 2389 lacuna
1379 2371 1390 2396 ,-
1422 2363 1537 2395 optimo
1564 2370 1655 2396 usque
1683 2363 1798 2390 Verum

304 2403 407 2428 desunt
430 2403 456 2430 1.
536 2402 566 2438 d)
590 2403 742 2428 commisit
760 2404 835 2429 viris
857 2403 958 2428 desum
983 2405 1008 2429 1.
1091 2402 1120 2437 e)
1142 2405 1233 2435 portu
1255 2403 1344 2429 metis
1367 2403 1394 2428 1.
1476 2402 1500 2436 f)
1521 2403 1657 2435 impletis
1677 2402 1756 2429 locis
1769 2403 1797 2428 1.

307 2440 337 2474 g)
361 2441 448 2467 fieret
470 2443 497 2468 1.
579 2440 610 2474 h)
641 2442 840 2474 Heppedonis
864 2444 897 2474 13
920 2443 1098 2468 Hetzelonis
1121 2443 1155 2474 23
1176 2442 1336 2468 Hezilonis
1357 2441 1448 2466 Zwetl.
1519 2440 1541 2474 i)
1569 2448 1748 2468 succurrere
1771 2442 1798 2468 1.

305 2479 338 2513 k)
360 2480 594 2506 restaurandum
605 2481 770 2513 imperium
784 2482 810 2507 2.
880 2481 904 2514 1)
939 2483 1036 2507 aciem
1047 2482 1166 2513 ingenii
1179 2482 1207 2507 2.
1274 2479 1317 2514 m)
1339 2481 1512 2512 mentisque
1527 2481 1556 2507 2.
1617 2479 1650 2514 n)
1672 2481 1746 2506 dee-³8
1769 2481 1797 2506 1.

306 2518 336 2552 ο)
359 2520 608 2551 Moguntiensem
639 2521 667 2546 2.
757 2519 789 2554 p)
828 2519 927 2546 Arbas
964 2521 991 2548 1.
1072 2520 1103 2554 q)
1124 2521 1253 2553 sceptris
1276 2521 1302 2545 1.
1383 2518 1409 2551 r)
1441 2520 1621 2551 Piligranns
1645 2521 1677 2552 13
1707 2519 1797 2546 Pele-

306 2559 412 2589 grinus
436 2560 462 2584 2.
542 2557 569 2592 s)
592 2559 725 2585 Arbonis
749 2561 774 2587 1.
854 2559 877 2591 t)
909 2560 982 2585 deest
1006 2561 1032 2585 2.
1113 2558 1145 2593 u)
1175 2559 1321 2592 providus
1349 2561 1378 2584 et
1399 2558 1499 2584 desunt
1522 2559 1550 2586 1.
1632 2557 1663 2592 v)
1687 2559 1796 2590 guber-

306 2598 391 2623 navit
413 2604 533 2630 quoque
558 2599 584 2624 1.
675 2596 717 2631 w)
738 2599 824 2631 prius
847 2601 913 2625 erat
936 2601 962 2624 1.

432 2682 468 2727 1)
494 2683 585 2718 Sall.
605 2683 679 2717 Cat.
694 2696 723 2718 c.
740 2685 779 2718 5:
807 2685 1054 2719 huic—bella
1077 2686 1259 2726 intestina,
1276 2685 1418 2725 caedes,
1433 2686 1594 2728 rapinae,
1614 2684 1795 2718 discordia

307 2733 425 2766 civilis
451 2737 555 2775 grata
591 2733 702 2766 fuere.
804 2732 842 2774 2)
881 2734 970 2768 Sall.
1008 2733 1083 2768 C'at.
1115 2746 1143 2768 c.
1172 2735 1211 2766 5:
1253 2735 1324 2768 Res
1357 2735 1435 2778 ipsa
1467 2735 1600 2767 hortari
1634 2733 1794 2775 videtui-3

309 2780 389 2824 Iuy.
415 2793 444 2815 c.
473 2781 538 2814 17:
569 2791 625 2814 res
652 2781 833 2824 postulare
858 2783 1013 2816 videtur.
1113 2781 1152 2826 3)
1181 2781 1234 2824 Cf.
1260 2793 1352 2825 quae
1377 2780 1560 2825 disputavi
1584 2780 1623 2814 in
1647 2780 1795 2823 Hirech,

304 2829 432 2863 Jahrb.
461 2829 520 2863 des
545 2829 734 2864 deutschen
760 2830 886 2864 Reicks
919 2837 1022 2865 unter
1053 2830 1224 2864 Heinrich
1251 2830 1305 2872 ΙῙ,
1332 2830 1409 2871 ΙΙΙ,
1431 2841 1469 2873 p.
1496 2830 1568 2863 340
1593 2841 1665 2874 sqq.
