1864 3250
85 755 381 800 EPISTOLA
422 756 508 800 AD
553 756 766 799 REGEM
809 755 1152 798 HEINRIOUM
1198 755 1557 799 CHUONRADI
1584 775 1615 800 p.
1640 766 1710 794 254.

492 823 899 868 IMPERATORIS
930 824 1156 867 FILIUM.

184 951 523 1015 Gloriosissimo
544 973 804 1029 imperatori,
835 972 1040 1014 Heinrico
1061 972 1185 1014 tertio
1206 973 1311 1027 regi,
1343 972 1399 1014 ad
1419 987 1571 1028 pacem

71 1032 113 1068 et
142 1026 300 1070 bellum
323 1027 492 1083 idoneo,
521 1029 681 1084 Wipoa
710 1029 797 1071 Dei
816 1029 955 1084 gratia
974 1028 1211 1085 presbyter,
1244 1029 1389 1084 quodh
1421 1043 1570 1071 servus

69 1082 279 1139 regalium
309 1099 530 1126 servorum
553 1085 680 1126 huius
702 1086 817 1128 orbis
839 1085 1012 1126 domino
1045 1084 1370 1126 dominantium.
1421 1084 1580 1126 Vitam*

69 1137 278 1182 illustrem
315 1147 356 1182 et
385 1139 546 1197 inclyta
580 1147 703 1197 gesta
727 1141 975 1184 Ohuonradi
1010 1141 1295 1196 imperatoris,
1326 1141 1461 1197 patris
1491 1141 1567 1194 tui,

68 1193 224 1238 domne
244 1196 490 1254 hnperator,
522 1197 710 1240 scribere
736 1203 996 1254 oportunum
1026 1197 1282 1251 existimavi,
1312 1212 1366 1238 ne
1396 1196 1570 1238 lucerna

66 1249 198 1294 lateat
226 1253 306 1295 sub
336 1252 521 1307 modio1,
562 1267 615 1295 ne
647 1252 747 1295 solis
777 1253 923 1295 radius
954 1254 1009 1295 sit
1037 1253 1082 1294 in
1111 1252 1259 1294 nubilo
1275 1261 1303 1307 ²,
1342 1268 1397 1295 ne
1432 1253 1568 1295 virtus

67 1308 326 1350 memorialis
348 1308 586 1351 obducatur
616 1308 844 1352 oblivionis
874 1309 1088 1364 rubigine.
1149 1308 1283 1351 Gesta
1313 1310 1428 1351 enim
1458 1308 1569 1351 illius

66 1363 151 1405 nisi
178 1363 402 1421 praeclara
431 1372 472 1407 et
497 1365 621 1407 valde
642 1365 785 1408 lucida
814 1366 1135 1422 praecederent,
1166 1380 1191 1407 a
1221 1366 1415 1422 sequenti
1435 1366 1567 1407 nimio

67 1417 294 1476 splendore
333 1426 504 1463 tuarum
540 1423 747 1464 virtutum
784 1422 1032 1465 viderentur
1075 1420 1372 1478 aliquatenus⁰
1417 1422 1568 1464 obscu-

66 1476 166 1518 rari.
212 1476 349 1519 Mihid
379 1484 522 1520 autem
553 1477 725 1520 servulo
756 1485 829 1520 tuo
860 1479 896 1520 is
926 1479 1096 1520 animus
1127 1484 1203 1531 est,
1236 1478 1272 1519 si
1293 1478 1414 1520 Deus
1435 1492 1568 1520 annu-

69 1531 189 1586 eritd,
219 1534 440 1590 utriusque
461 1540 558 1576 acta
577 1535 749 1588 referre,
782 1549 890 1592 quae
920 1534 1171 1576 acciderunt
1199 1549 1268 1576 me
1299 1535 1526 1590 superstite
1537 1542 1566 1588 θ,

69 1589 130 1630 ita
156 1588 268 1631 inter
295 1589 396 1632 voss
423 1589 773 1646 distinguendos,
805 1592 881 1633 uth
912 1591 1092 1633 alterum
1122 1605 1212 1632 rem
1244 1589 1476 1647 publicam,
1504 1597 1568 1632 ut-

68 1650 170 1742 pote
188 1645 434 1687 Romanum
463 1647 706 1703 imperium,
737 1646 966 1690 salubriter
994 1646 1211 1700 incidisse,
1241 1646 1423 1688 alterum
1455 1661 1567 1689 eam-

101 1714 168 1742 em
206 1702 517 1744 rationabiliter
556 1704 775 1746 sanavisse
813 1704 1023 1746 veraciter
1058 1703 1213 1745 dicam.
1275 1703 1442 1756 Quodsi
1470 1702 1569 1745 hinc

67 1754 164 1813 plus
193 1757 260 1799 vel
289 1759 454 1813 minus,
493 1758 562 1801 vel
595 1758 718 1802 aliter
757 1774 886 1816 quam
925 1774 969 1802 se
999 1760 1220 1815 integritas
1250 1774 1395 1800 rerum
1426 1759 1567 1813 habet,

67 1813 208 1855 scribo
247 1813 316 1856 vel
354 1815 526 1869 dixero,
567 1830 654 1856 non
692 1816 772 1858 erit
812 1815 937 1872 culpa
976 1816 1200 1858 scribentis
1236 1815 1312 1857 sed
1342 1816 1568 1868 narrantis,

69 1870 284 1926 quoniam,
314 1884 413 1912 cum
440 1870 672 1927 plurimum
705 1878 874 1926 tempus
904 1871 1131 1926 infirmavi,
1161 1886 1248 1913 non
1277 1872 1399 1928 potui
1427 1872 1472 1913 in
1503 1886 1568 1913 ca-

66 1923 179 1981 pella
221 1926 401 1969 senioris
444 1928 529 1968 mei
575 1926 824 1970 Ohuonradi
867 1928 1116 1984 frequenter
1158 1928 1321 1970 adesse.
1386 1927 1456 1969 De
1500 1927 1567 1969 his

66 1988 210 2024 autem
248 1997 358 2039 quae
395 1983 489 2039 ipse
525 1983 615 2025 vidi
655 1990 697 2025 et
733 1983 787 2026 ab
828 1983 921 2026 aliis
951 1985 1113 2040 accepi,
1150 1984 1335 2026 fructum
1365 1999 1391 2026 a
1420 1983 1567 2026 nobisi

67 2036 268 2093 colligere
296 2038 538 2081 volentibus
567 2039 661 2081 stilo
683 2041 872 2082 veritatis
893 2041 1067 2083 innixus
1086 2039 1337 2096 propalabo.
1388 2040 1446 2082 Et
1466 2055 1568 2096 quo-

66 2093 182 2136 niam
212 2101 313 2137 sunt
342 2095 574 2152 quaedam,
606 2110 716 2152 quae
746 2097 945 2139 viventek
974 2103 1096 2154 patre
1125 2095 1398 2139 laudabiliter
1428 2097 1565 2152 egisti,

65 2149 218 2192 eadem
246 2151 357 2193 inter
385 2157 483 2194 acta
511 2153 646 2207 patris
675 2153 877 2209 ponenda
905 2167 1177 2207 censueram3
1211 2167 1320 2209 quae
1341 2167 1444 2194 vero
1466 2159 1565 2210 post

66 2204 230 2248 obitum
260 2206 372 2249 illius
401 2207 588 2263 gloriose
619 2208 793 2262 feceras,
825 2224 903 2264 per
932 2224 977 2251 se
1008 2208 1245 2251 ordinanda
1275 2209 1462 2251 decrevi.
1519 2208 1567 2251 Si

64 2276 166 2304 vero
205 2261 340 2319 aliqui
385 2263 723 2321 calumpniantes
766 2265 960 2308 obiciunt
995 2265 1119 2319 mihi,
1159 2265 1240 2306 hoc
1278 2280 1386 2321 opus
1423 2279 1568 2321 super-

64 2319 269 2360 vacuuml
300 2334 405 2374 esse,
436 2335 534 2361 cum
565 2326 606 2363 et
635 2319 706 2362 alii
737 2320 789 2363 de
816 2321 967 2363 eadem
988 2338 1033 2364 re
1056 2321 1317 2378 scripserint,
1346 2320 1448 2364 licet
1467 2321 1566 2364 inde

66 2373 258 2416 nondum
277 2374 439 2432 aliquid
469 2376 674 2433 scriptum
695 2377 912 2432 vidissem,
943 2377 1239 2434 respondebo:
1285 2377 1350 2419 ‘In
1371 2391 1443 2420 ore
1464 2377 1568 2419 duo-

64 2444 161 2472 rum
180 2429 251 2473 vel
269 2433 399 2474 trium
469 2432 599 2475 stabit
629 2447 754 2475 omne
785 2433 1138 2477 testimoniu1n’1:
1170 2440 1212 2476 et
1240 2434 1374 2477 verba
1401 2432 1563 2476 Christi

185 2538 215 2572 a)
245 2540 357 2572 wippo
391 2542 417 2567 2.
498 2540 530 2575 b)
560 2542 634 2567 deest
656 2543 683 2570 2.
746 2542 774 2577 c)
807 2543 844 2569 ab
867 2543 1041 2570 Alimannis
1066 2545 1091 2570 1.
1155 2543 1186 2577 d)
1215 2543 1304 2569 multi
1327 2545 1429 2569 autem
1458 2544 1566 2569 lacuna

65 2579 212 2605 annuerit
233 2579 259 2606 1.
340 2578 368 2612 e)
392 2580 560 2606 acciderint
580 2582 613 2607 in
635 2589 659 2608 s.
684 2583 710 2608 1.
802 2582 832 2616 f)
857 2590 912 2608 nos
935 2584 963 2610 1.
988 2584 1022 2615 23
1044 2584 1148 2609 emend.
1170 2584 1260 2609 Percz.
1350 2581 1381 2616 g)
1405 2583 1563 2615 Distingu-

67 2618 149 2644 enda
177 2618 238 2645 sint
265 2618 354 2645 Licet
381 2626 455 2645 vero
484 2621 524 2646 Et
554 2621 700 2652 quoniam
728 2622 770 2647 ica
799 2623 826 2648 1.
857 2622 949 2648 media
977 2623 1088 2650 desunt.
1190 2622 1223 2656 h)
1252 2624 1287 2648 ut
1314 2622 1347 2648 in
1374 2622 1506 2648 alterum
1537 2623 1566 2650 2.

66 2655 92 2691 i)
111 2657 199 2684 vobis
222 2659 250 2685 1.
273 2659 304 2691 23
325 2659 431 2684 emend.
453 2658 608 2686 Dilmmler.
688 2660 721 2695 k)
744 2662 871 2688 iuvante
894 2664 920 2690 1.
1001 2661 1024 2696 l)
1046 2669 1312 2695 supervacaneum
1333 2662 1361 2688 2.

191 2732 229 2777 1)
255 2733 383 2767 Mattk.
411 2734 445 2772 5,
475 2734 540 2766 15:
575 2746 691 2778 neque
725 2737 930 2771 accendunt
954 2737 1138 2771 lucernam
1172 2741 1207 2771 et
1231 2743 1369 2781 ponunt
1395 2749 1475 2772 eam
1502 2739 1567 2772 sub

67 2781 198 2816 modio.
299 2782 338 2826 2)
366 2783 399 2818 2.
419 2782 531 2816 Mace.
561 2784 593 2823 1,
613 2783 677 2815 22:
705 2796 774 2829 quo
798 2787 852 2819 sol
877 2786 1027 2828 refulsit,
1063 2789 1124 2831 qui
1151 2788 1247 2831 prius
1268 2788 1399 2820 eratin
1427 2787 1564 2820 nubilo.

66 2826 108 2873 3)
132 2830 239 2865 Dent.
269 2833 326 2872 19,
348 2832 410 2865 15:
443 2833 480 2865 in
511 2843 570 2866 ore
606 2833 754 2867 duorum
779 2835 839 2868 vel
864 2837 969 2870 trium
995 2837 1138 2870 testium
1157 2837 1267 2870 stabit
1285 2847 1388 2869 omne
1407 2837 1566 2870 verbum.

1258 2893 1314 2934 1*
