1864 3250
213 389 300 416 1027.

240 957 310 984 Iun.

247 1062 307 1087 Iul.

166 1111 216 1146 'p.
240 1114 308 1140 26⁷.

313 262 360 295 30
642 256 852 294 WIPONIS
879 259 1034 293 GESTA
1062 257 1348 292 OHUONRADI
1376 257 1476 291 IMP.

347 373 549 415 uamdam
595 370 777 413 insulam
793 379 806 400 1
852 385 878 412 a
909 385 1008 425 gere
1052 376 1095 412 et
1137 368 1247 411 vallo
1290 370 1460 411 firmare
1505 369 1659 424 coepit.
1718 367 1806 411 Sed

354 428 552 470 uodolfus
590 442 669 469 rex
703 426 882 481 Burgun
913 426 1080 478 ionum,
1126 425 1286 467 veritus
1328 426 1494 467 hostem
1537 423 1807 480 imperatoris

314 485 527 540 recipere,
571 481 626 524 ab
667 483 838 537 incepto
873 480 991 521 illum
1031 479 1259 537 prohibuit.
1316 480 1423 523 Inde
1450 494 1648 523 reversus
1677 493 1807 544 supra

316 540 522 582 Turicum
573 537 761 580 uoddam
782 543 968 579 castrum
993 537 1186 588 munivit,
1217 542 1259 578 et
1278 537 1554 592 Augensema
1583 533 1807 578 ecclesiam

315 610 483 638 necnon
533 610 559 637 a
589 593 750 636 batiam
806 592 941 634 sancti
988 590 1102 634 Galli
1144 592 1326 633 nimium
1369 590 1664 644 distrahendo,
1720 605 1809 633 11011

316 651 533 694 mediocre
577 650 813 705 dampnum
850 648 1014 704 patriae
1057 647 1210 690 intulit.
1272 647 1345 690 Sic
1372 646 1616 703 posthabita
1642 646 1738 703 lege
1766 652 1810 689 et

317 707 502 761 iustitia,
542 720 679 762 usque
709 704 765 746 ad
797 704 1067 760 imperatoris
1096 703 1280 746 reditum
1308 703 1465 759 iniquis
1497 702 1719 746 conatibus
1746 703 1810 744 in-

318 764 506 806 sistebat.

450 867 518 909 20.
576 865 679 909 Ubi
709 866 814 907 dux
843 865 1109 907 Ernestus
1141 878 1195 905 se
1225 862 1395 904 denuo
1425 861 1678 906 reddidit.

433 935 547 976 Pace
590 949 668 990 per
701 939 834 976 totam
870 931 1038 974 Italiam
1075 931 1341 985 confirmata,
1379 931 1612 988 imperator
1641 928 1811 972 01111011-

320 991 451 1032 radus
481 1004 685 1046 prospero
715 989 855 1032 reditu
887 989 932 1029 in
960 987 1260 1029 Alamanniam
1288 987 1422 1041 venit,
1463 992 1505 1028 et
1540 987 1586 1028 in
1613 985 1814 1042 Augusta

321 1046 545 1089 Vindelica
575 1045 833 1102 colloquium
860 1043 1067 1085 familiare
1098 1058 1196 1085 cum
1227 1044 1313 1084 suis
1342 1041 1540 1085 fidelibus
1568 1047 1729 1095 tenens,
1757 1040 1812 1083 de

323 1101 636 1158 *proditoribus
665 1102 827 1158 patriae
847 1106 1026 1142 tractare
1047 1100 1200 1155 coepit.
1257 1098 1364 1141 Inde
1393 1097 1449 1140 ad
1469 1113 1523 1154 op
1556 1097 1676 1139 idum
1696 1096 1814 1154 quod

321 1158 451 1202 Ulma
478 1163 658 1200 vocatur
695 1157 891 1210 veniens,
931 1154 1190 1212 colloquium
1226 1154 1397 1211 publice
1427 1168 1508 1196 con
1540 1153 1698 1196 ‘ctumb
1726 1151 1814 1194 illic

319 1215 482 1258 habuit.

530 1269 630 1310 Huc
660 1268 749 1310 dux
778 1268 987 1310 Ernestus
1016 1282 1102 1308 non
1130 1273 1230 1309 voto
1261 1265 1456 1322 supplice
1485 1265 1615 1318 venit,

323 1325 510 1369 confisus
541 1325 586 1366 in
605 1324 876 1366 multitudine
896 1322 1079 1364 militum
1093 1330 1122 1376 ²,
1153 1336 1260 1379 quos
1284 1322 1467 1378 optimos
1487 1320 1649 1375 habuit,
1678 1324 1727 1362 ut
1745 1319 1813 1362 vel

322 1381 559 1425 secundum
601 1380 772 1422 libitum
811 1393 909 1420 cum
954 1393 1123 1420 caesare
1162 1393 1206 1420 se
1249 1384 1446 1433 pacaretc
1493 1376 1564 1419 vel
1600 1374 1700 1418 inde
1735 1389 1814 1432 per

321 1444 578 1495 potestatem
606 1436 775 1478 rediret.
834 1435 892 1476 Et
919 1434 1065 1476 habito
1096 1434 1307 1490 colloquio
1343 1447 1440 1475 cum
1477 1433 1586 1487 suis,
1626 1431 1815 1488 primum

321 1495 486 1536 monuit
501 1507 574 1534 eos
594 1491 695 1534 fidei
716 1490 1076 1533 sacramentaliter
1095 1491 1341 1546 promissae,
1363 1488 1516 1531 dehinc
1534 1486 1814 1530 hortabaturd

322 1564 408 1604 eos,
438 1565 492 1591 ne
520 1547 640 1590 illum
670 1547 931 1600 desererent,
967 1561 1021 1588 ne
1056 1546 1262 1588 honorem
1291 1559 1413 1586 suum
1442 1543 1690 1600 perderent3
1725 1557 1814 1585 non

323 1605 475 1648 decere
506 1618 577 1646 eos
618 1604 914 1645 immemorese
958 1602 1071 1655 fore,
1115 1602 1160 1642 in
1202 1601 1387 1643 historiis
1430 1607 1603 1657 patrum
1644 1613 1814 1656 semper

323 1661 586 1703 Alamannos
613 1660 753 1702 bonae
782 1658 883 1700 fidei
913 1664 956 1700 et
984 1657 1224 1700 stabilitatis
1244 1657 1289 1698 in
1309 1656 1504 1698 dominos
1524 1655 1813 1698 testimonium

323 1717 498 1771 habere3
545 1722 587 1758 et
617 1716 653 1757 si
682 1715 764 1757 sibi
792 1714 888 1756 fidis
913 1714 1069 1768 forent,
1098 1712 1180 1755 illis
1211 1713 1420 1768 praemia,
1455 1711 1636 1769 posteris
1666 1724 1813 1753 eorum

323 1772 504 1829 gloriam
533 1777 575 1814 et
602 1770 807 1813 honorem
837 1785 930 1812 esse
957 1769 1161 1812 futurum.
1215 1768 1337 1810 Talia
1356 1767 1514 1810 dicenti
1534 1767 1618 1810 duo
1639 1766 1814 1808 comites

324 1828 570 1872 Fridericus
601 1834 643 1870 et
657 1826 914 1868 Anshelmus
934 1840 1013 1882 pro
1035 1826 1212 1867 caeteris
1231 1823 1548 1881 respondebant
1565 1822 1648 1865 1100
1666 1822 1815 1865 modo:

325 1884 545 1927 ‘Nolumus
574 1883 775 1937 inficiari,
806 1883 909 1939 quin
937 1882 1059 1924 vobis
1089 1881 1219 1922 fidem
1255 1880 1432 1922 firmiter
1469 1879 1815 1935 promitteremus

324 1947 474 1983 eontra
504 1954 670 1993 omnes,
713 1946 882 1995 praeter
918 1952 1017 1979 eum
1054 1937 1127 1993 qui
1163 1951 1242 1978 nos
1280 1935 1402 1979 vobis
1439 1935 1568 1978 dedit.
1628 1933 1676 1977 Si
1705 1933 1816 1977 servi

324 2010 515 2039 essemus
559 1995 672 2050 regis
710 2000 752 2036 et
791 1993 1060 2050 imperatoris
1106 1993 1241 2034 nostri
1295 1998 1337 2034 et
1374 1990 1428 2033 ab
1467 2005 1517 2033 eo
1556 1990 1640 2033 iuri
1673 1996 1815 2034 vestro

324 2051 579 2116 mancipati,
625 2064 713 2092 non
748 2050 872 2092 nobis
902 2048 1050 2090 liceret
1079 2062 1104 2089 a
1132 2047 1255 2090 vobis
1286 2047 1488 2104 separari.
1545 2045 1671 2088 Nunc
1699 2059 1816 2100 vero,

327 2122 426 2150 cum
454 2106 577 2149 liberi
606 2108 767 2148 simus&
804 2111 846 2147 et
874 2104 1081 2147 libertatis
1110 2110 1278 2146 nostrae
1308 2117 1522 2146 summum
1551 2101 1817 2145 defensorem

325 2164 371 2205 in
399 2163 539 2206 terrah
564 2177 711 2217 regem
732 2167 775 2203 et
793 2162 1093 2217 imperatorem
1112 2166 1306 2202 nostrum
1325 2158 1573 2212 habeamus,
1602 2157 1679 2201 ubi
1696 2156 1817 2199 illum

327 2219 577 2273 deserimus,
607 2216 847 2259 libertatem
886 2216 1139 2269 amittimus,
1180 2229 1309 2280 quam
1338 2229 1463 2257 nemo
1492 2214 1651 2268 bonus,
1682 2218 1730 2255 ut
1756 2213 1818 2255 ait

328 2275 521 2332 quidam,
565 2274 649 2315 nisi
693 2287 791 2315 cum
827 2273 919 2314 vita
958 2271 1084 2313 simul
1119 2272 1275 2313 amlttit
1286 2278 1316 2313 ³.
1375 2269 1505 2323 Quod
1534 2283 1633 2311 cum
1660 2269 1722 2311 ita
1749 2268 1816 2323 sit,

329 2330 534 2388 quicquid
561 2329 730 2372 honesti
759 2336 801 2371 et
829 2329 930 2370 iusti
969 2343 995 2370 a
1032 2327 1155 2370 nobis
1191 2327 1431 2383 exquiritis,
1470 2326 1515 2367 in
1550 2324 1632 2366 11οο
1665 2338 1817 2381 parere

327 2386 525 2430 volumus
554 2385 691 2428 vobis.
751 2384 799 2427 Si
828 2390 971 2427 autem
1001 2390 1148 2426 contra
1166 2382 1248 2425 hoc
1267 2382 1408 2436 vultis,
1437 2380 1539 2423 illuc
1557 2386 1819 2423 revertemur

328 2441 573 2496 liberaliter,
604 2441 717 2483 unde
738 2440 794 2482 ad
813 2455 891 2482 vos
912 2440 1106 2481 venimus
1127 2436 1490 2481 conditionaliter'.
1533 2436 1615 2478 His
1645 2435 1816 2490 auditis,

448 2542 479 2577 a)
500 2543 773 2576 Augustensem13
795 2541 1031 2574 Augiensem23
1052 2540 1227 2573 Augensem
1238 2540 1348 2573 Zwetl.;
1369 2539 1402 2572 cs
1417 2539 1500 2572 insa-a
1520 2546 1543 2565 ο.
1565 2538 1612 2565 28.
1691 2535 1723 2571 b)
1747 2544 1818 2564 0011-

329 2584 426 2610 ditum
449 2584 476 2609 1.
558 2581 586 2615 c)
616 2585 761 2615 paccaret
783 2584 809 2609 1.
892 2580 923 2615 d)
953 2580 1190 2607 dehortabamur
1213 2580 1238 2606 1.
1320 2578 1350 2613 e)
1372 2579 1567 2605 immemores
1587 2583 1679 2610 mque
1698 2583 1819 2610 semper

330 2623 432 2649 desum
455 2624 482 2649 1.
564 2621 589 2655 f)
611 2622 685 2648 deest
708 2623 735 2649 1.
818 2620 849 2656 g)
871 2620 964 2647 simul
986 2621 1011 2645 1.
1091 2617 1123 2652 h)
1146 2619 1266 2644 interea
1288 2619 1315 2645 2.

456 2701 494 2747 1)
521 2701 684 2735 Insulam
705 2700 743 2735 S.
770 2701 868 2735 Petri
893 2701 931 2734 in
958 2701 1039 2734 lacu
1057 2698 1253 2734 Biennensi
1276 2697 1541 2743 intelligendam
1566 2707 1648 2738 esse,
1676 2695 1819 2731 coniecit

324 2751 484 2796 primum
512 2750 684 2795 Neuyart,
711 2749 873 2794 Episcop.
902 2748 1179 2783 Constantiensis
1197 2747 1229 2789 I,
1249 2748 1333 2781 337.
1433 2745 1471 2790 2)
1497 2745 1587 2780 Sall.
1603 2744 1686 2788 Juq.
1703 2756 1734 2779 c.
1754 2745 1819 2778 13:

329 2802 441 2835 fretus
466 2799 692 2833 multitudine
717 2799 881 2833 militum.
981 2797 1021 2841 3)
1047 2796 1194 2830 Sallust.
1223 2795 1296 2829 Cat.
1324 2807 1351 2830 c.
1380 2795 1446 2828 33:
1473 2794 1685 2836 libertatem,
1712 2804 1818 2838 quam

329 2860 436 2884 nemo
462 2849 575 2883 bonus
600 2849 670 2882 nisi
697 2858 777 2881 cum
803 2848 922 2881 anima
947 2846 1053 2880 simul
1078 2846 1218 2879 amittit.
