1864 3250
165 2169 213 2205 Ἴ).
237 2172 304 2200 255.

315 245 338 277 4
647 246 857 280 WIPONIS
886 246 1040 280 GESTA
1067 235 1356 280 cHU'oNRAm
1382 246 1479 279 IMP.

315 357 361 398 in
391 356 614 413 euangelio
654 372 740 399 non
778 372 856 414 per
894 372 1028 399 unum
1066 356 1224 411 solum,
1263 357 1338 398 sed
1366 372 1444 413 per
1473 362 1654 413 quatuor
1681 362 1815 400 testes·

315 414 492 456 idoneos
530 414 574 454 in
609 412 788 456 ecclesia
826 412 1006 455 dilatari.
1065 412 1188 466 Tibi,
1232 427 1395 455 summe
1435 413 1690 469 imperator,
1728 411 1810 454 hoc

318 484 426 526 opus
463 469 676 522 devoveo,
733 469 812 511 tibi
851 475 973 524 gesta
1010 469 1142 524 patris
1162 474 1454 524 repraesento,
1513 474 1572 522 ut,
1614 468 1809 525 quotiens

316 526 410 582 ipse
438 539 506 566 res
528 523 782 566 clarissimas
808 539 936 580 agere
957 524 1172 566 mediteris
1185 530 1215 577 ³,
1304 525 1392 566 rius
1413 529 1612 580 paternas
1631 525 1814 566 virtutes

317 580 435 622 velut
475 582 520 621 in
566 580 738 635 speculo
784 581 1051 636 imagineris,
1111 585 1153 620 et
1189 539 1301 621 illudJ
1327 580 1372 620 in
1410 586 1451 622 te
1491 579 1641 622 floreat
1676 578 1810 622 abun-

318 636 501 689 dantius,
556 635 671 692 quod
693 635 939 678 hereditasti
969 650 994 676 a
1014 636 1163 691 patriis
1182 635 1412 689 radicibus,
1462 636 1550 692 qui,
1571 641 1619 677 ut
1633 642 1810 678 cunctos

318 699 608 734 antecessores
647 697 744 734 tuos
782 693 826 733 in
865 691 1123 748 quibusdam
1161 691 1317 733 divinis
1355 697 1397 733 et
1425 691 1654 734 mundanis
1682 690 1811 734 rebus

319 748 542 804 superasti,
572 748 632 789 ita
660 762 840 804 regnum
873 753 915 789 et
944 747 1170 803 imperium
1200 752 1321 788 tuum
1351 747 1591 789 diuturnius
1612 747 1811 790 omnibus

317 803 413 858 illis,
442 803 612 846 favente
643 803 738 845 Deo
771 804 1074 859 omnipotente,
1104 803 1307 844 merearis
1337 803 1541 846 obtinere.
1598 801 1718 845 Vale.

775 906 999 949 INCIPIT
1027 905 1362 949 PROLOGUS.

431 975 591 1017 Rerum
607 974 842 1016 labentium
861 974 1086 1030 fugitivam
1111 974 1361 1017 memoriam
1377 974 1611 1016 litterarum
1630 973 1812 1017 vinculis

320 1038 593 1084 connectere,
648 1036 689 1072 et
734 1031 984 1086 praesertim
1028 1030 1246 1073 christiani
1282 1030 1452 1086 imperii
1499 1029 1649 1073 laudes
1687 1031 1814 1073 inerti

320 1086 485 1129 silentio
511 1101 598 1128 non
627 1087 808 1128 transire
823 1095 851 1140 ¹,
882 1101 979 1128 cum
1011 1092 1052 1128 et
1079 1086 1158 1140 his,
1190 1086 1263 1142 qui
1292 1085 1373 1127 hoc
1402 1086 1448 1127 in
1475 1085 1555 1128 hac
1585 1087 1675 1128 vita
1701 1085 1812 1129 bene

319 1142 687 1197 administrabant,
724 1142 824 1184 inde
862 1141 1072 1198 quaedam
1101 1143 1398 1198 perpetuitatis
1427 1141 1632 1198 perduret
1659 1141 1812 1207 gloria,

317 1206 410 1242 tum
452 1199 632 1254 posteris
644 1206 673 1251 ²,
718 1200 754 1240 si
796 1198 1002 1240 aemulari
1044 1205 1242 1254 parentes
1285 1197 1438 1252 velint,
1482 1197 1592 1241 bene
1617 1197 1813 1241 .vlvendi

318 1270 373 1311 ap
409 1256 517 1297 osita
556 1255 611 1296 sit
646 1254 796 1308 forma,
831 1260 980 1310 aptum
1011 1260 1053 1296 et
1083 1254 1338 1296 conveniens
1369 1268 1461 1296 esse
1489 1254 1653 1310 putavi,
1684 1254 1812 1312 quiab

318 1270 421 1353 util'e
463 1310 707 1366 exemplum
743 1311 948 1352 imitantis
995 1311 1183 1352 animum
1256 1324 1347 1351 rom
1381 1310 1533 1352 tiorem
1575 1315 1704 1367 atque
1744 1310 1812 1352 fir-

317 1367 497 1409 miorem
526 1367 571 1407 in
599 1366 727 1408 rebus
757 1366 936 1422 agendis
966 1365 1146 1408 reddere
1177 1380 1223 1407 so
1242 1372 1294 1408 et.
1373 1373 1458 1408 tem
1478 1365 1526 1407 fit
1544 1364 1814 1422 plerumque,

318 1429 367 1466 ut
395 1423 448 1465 de
478 1422 603 1464 laude
633 1422 843 1464 maiorum
879 1421 1003 1464 facile
1032 1427 1234 1464 nascatur
1261 1421 1519 1464 verecundia
1549 1426 1591 1464 et
1620 1421 1812 1464 confusio

318 1485 611 1535 posterorum,
657 1478 693 1519 si
730 1493 775 1520 se
814 1478 880 1520 his
918 1477 1066 1520 saltem
1094 1492 1182 1519 non
1209 1478 1509 1534 aequaverint,
1555 1491 1652 1519 cum
1690 1483 1814 1534 gesta

319 1549 466 1577 eorum
496 1534 610 1576 fama
639 1534 818 1577 docente
847 1533 1154 1576 laudaverint-³.
1202 1534 1263 1576 Ut
1291 1534 1404 1575 enim
1433 1534 1566 1576 virtus
1586 1532 1728 1590 pleros
1758 1548 1812 1576 ue

318 1590 516 1647 vulgares
545 1589 752 1644 nobilitat,
783 1591 844 1632 sic
872 1589 1073 1632 nobilitas
1103 1591 1193 1631 sine
1221 1590 1452 1632 virtutibus
1473 1588 1628 1631 multos
1648 1589 1734 1632 nob
1767 1604 1812 1632 es

319 1646 564 1703 degenerat.
611 1646 838 1688 Praeterea
867 1645 1035 1688 videtur
1063 1659 1149 1687 non
1178 1644 1305 1687 licere
1335 1644 1389 1687 de
1417 1645 1606 1687 victoriis
1638 1644 1813 1688 catholi-

320 1717 466 1744 corum
496 1702 740 1758 principum
768 1708 908 1744 tacere
938 1708 980 1744 et
1007 1707 1286 1758 tyrannorum
1315 1701 1550 1743 infidelium
1575 1701 1703 1743 trium
1734 1701 1812 1744 hos

318 1757 447 1814 largis
467 1758 645 1800 vocibus
703 1756 892 1800 ublicare
905 1766 933 1800 ⁰.
1001 1757 1113 1800 Satis
1142 1756 1429 1799 inconsultum
1459 1763 1535 1811 est,
1565 1756 1627 1799 Su
1661 1772 1706 1800 er
1737 1772 1812 1800 um

320 1814 626 1871 Tarquinium,
711 1813 843 1855 ullum
882 1820 923 1857 et
951 1813 1140 1867 Ancum,
1175 1819 1341 1869 patrem
1370 1815 1585 1867 Aeneam,
1642 1827 1811 1856 erocem

319 1870 528 1913 Rutulum
541 1871 572 1923 d,
623 1875 665 1912 et
707 1869 955 1912 huiusmodi
998 1869 1211 1926 quoslibet
1253 1876 1294 1911 et
1332 1869 1519 1912 scribere
1563 1874 1605 1911 et
1646 1868 1810 1926 legere:

317 1933 485 1968 nostros
532 1931 675 1968 autem
720 1925 895 1968 Carolos
947 1932 1075 1982 atque
1122 1932 1208 1968 tres
1257 1925 1455 1975 Ottones,
1509 1925 1811 1982 imperatorem

319 1982 572 2024 Heinricum
615 1981 873 2035 secundum,
933 1980 1237 2023 Chuonradum
1284 1982 1598 2037 imperatorem,
1644 1986 1811 2038 patrem

318 2037 612 2094 gloriosissimi
627 2038 740 2092 regis
756 2037 951 2079 Heinrici
974 2039 1100 2090 tertii,
1123 2043 1164 2080 et
1179 2037 1377 2079 eumdem
1392 2037 1645 2080 Heinrieum
1665 2051 1811 2094 regem

319 2095 364 2135 in
395 2093 566 2136 Christo
605 2093 934 2149 triumphantem
977 2094 1147 2136 omnino
1185 2093 1412 2150 negligere.
1470 2091 1720 2136 Verendum
1748 2099 1813 2136 est

320 2149 535 2192 modernis
575 2148 855 2205 scriptoribus
884 2150 991 2192 vitio
1021 2151 1230 2206 *torporis
1270 2149 1386 2206 apud
1416 2149 1560 2191 Deum
1593 2147 1812 2204 vilescere,

320 2219 417 2247 cum
461 2205 680 2262 primitiva
722 2206 953 2247 auctoritas
982 2207 1137 2249 veteris
1167 2206 1427 2260 testamenti,
1474 2219 1583 2261 quae
1613 2203 1810 2248 historias

319 2268 489 2317 patrum
519 2261 738 2303 fructifero
775 2260 919 2303 labore
957 2261 1181 2318 diligenter
1219 2267 1383 2314 exarat,
1428 2275 1637 2303 novarum
1666 2275 1811 2303 rerum

318 2319 487 2374 frugem
521 2318 565 2358 in
603 2318 833 2359 memoriae
870 2316 1038 2360 cellario
1080 2317 1256 2360 recondi
1295 2317 1451 2360 debere
1511 2316 1741 2381 raefiguret
1768 2323 1812 2360 et

320 2374 484 2416 doceat.
530 2372 602 2414 Sic
626 2372 847 2415 Abraham
866 2373 978 2415 Loth
999 2373 1242 2416 fratruelem
1266 2388 1390 2415 suum
1410 2373 1456 2414 in
1506 2371 1586 2415 ello
1606 2371 1817 2424 liberasse,

320 2443 723 2483 commemoramus,
770 2429 833 2470 sic
874 2428 984 2471 filios
1024 2428 1158 2472 Israel
1191 2429 1333 2472 hostes
1363 2429 1554 2471 diversos
1585 2443 1811 2485 superasse

342 2565 365 2591 n
438 2524 468 2559 a)
490 2526 650 2552 meditaris
672 2526 699 2552 2.
780 2525 815 2560 b)
840 2527 914 2552 dcent
938 2528 964 2554 1.
1027 2524 1054 2559 c)
1085 2526 1255 2559 publicare.
1283 2524 1314 2552 S.
1337 2526 1357 2551 i.
1382 2532 1407 2551 e.
1430 2524 1460 2552 S.
1483 2525 1585 2551 desum
1606 2526 1634 2553 1.
1696 2524 1728 2560 d)
1749 2525 1808 2552 Ru·

316 2565 340 2591 ti
369 2572 420 2592 um
443 2567 469 2593 1.

444 2640 480 2684 1)
509 2639 562 2685 Cf.
582 2640 727 2675 Sallust.
748 2639 849 2675 Catil.
868 2652 896 2674 c.
919 2641 959 2674 1:
987 2642 1101 2675 omnis
1119 2641 1281 2674 homines
1299 2651 1437 2674 summa
1455 2651 1522 2684 ope
1539 2641 1606 2674 niti
1623 2639 1738 2682 decet,
1762 2650 1808 2674 ne

318 2692 429 2724 vitam
455 2690 596 2724 silentio
614 2693 808 2724 transeant.
910 2691 946 2732 2)
976 2689 1029 2733 Os.
1057 2689 1191 2733 Suspic.
1220 2687 1338 2724 Sever.
1370 2689 1451 2723 Vita
1476 2688 1514 2723 S.
1540 2688 1693 2723 Martini
1714 2689 1744 2730 1,
1764 2689 1808 2722 2:

319 2740 404 2784 quia
439 2743 474 2772 et
507 2750 606 2773 suam
642 2740 868 2781 memoriam,
908 2739 996 2772 licet
1030 2740 1230 2781 incassum,
1265 2739 1516 2782 propagabant
1550 2741 1586 2771 et
1614 2737 1806 2782 propositis

317 2799 525 2831 magnorum
557 2789 712 2854 viroffm
754 2788 926 2831 exemplis
963 2799 1035 2821 non
1066 2798 1177 2832 parva
1211 2787 1403 2821 aemulatio
1437 2787 1638 2830 legentibus
1672 2787 1810 2820 excita-

318 2838 433 2871 batur.
462 2837 597 2881 (May).
698 2835 736 2880 3)
766 2835 817 2880 (J.
846 2835 992 2871 Sallust.
1018 2836 1099 2881 Juq.
1128 2848 1156 2870 c.
1185 2837 1218 2869 4.
