1864 3250
314 252 358 286 78
658 251 932 286 CANTILENA
958 253 1009 285 IN
1037 253 1376 287 OHUONRADUM
1402 253 1453 288 ΙΙ.

314 365 386 420 qui
416 364 520 419 fuga
549 363 696 419 lapsus
728 377 826 404 cum
857 378 986 420 quam
1015 363 1241 420 plurimisa
1270 363 1363 406 aliis
1393 364 1531 407 eidem
1559 365 1807 423 imperatori

311 419 498 462 rebellat.
560 420 644 462 Oto
674 419 877 475 princeps
908 418 1207 475 Carlingorum
1227 435 1252 462 a
1274 420 1511 463 Gozzelone
1532 421 1642 464 duce
1661 437 1807 479 pugna

312 477 453 517 victus
483 475 737 531 fugiensque
767 489 791 515 a
823 475 1010 531 quodam
1040 475 1171 518 milite
1202 475 1420 519 occiditur.

427 532 492 573 14.
538 532 658 574 1038.
690 530 927 584 Elifdrudh,
961 545 1071 587 quae
1099 538 1165 574 et⁰
1189 531 1438 588 Chunigunt
1449 533 1481 586 (¹,
1512 534 1674 589 regina,
1696 547 1807 575 uxor

314 587 512 629 Heinrici
542 588 670 642 regis,
704 587 768 629 15.
795 586 892 628 Kal.
923 587 1110 642 Augusti
1143 594 1183 629 et
1214 588 1500 630 Herimannus
1529 589 1620 631 dux
1649 590 1688 631 5.
1709 588 1806 632 Kal.

313 643 502 698 Augusti
531 644 575 684 in
594 642 717 685 Italia
747 657 843 684 cum
869 642 1010 684 multis
1033 643 1125 685 aliis
1147 643 1354 686 obierunt.
1401 644 1642 700 Stephanus
1662 644 1807 701 Unga-

313 700 473 741 riorum
501 715 591 752 ¹rex
626 698 764 741 bonae
799 700 1029 741 memoriae
1071 699 1188 752 obiit,
1231 700 1303 755 qui
1342 714 1386 742 se
1420 700 1560 757 ipsum
1591 715 1691 743 cum
1719 707 1808 743 tota

314 762 441 811 gente
474 770 552 797 sua
581 755 635 796 ad
666 754 794 796 fidem
827 754 984 797 Christi
1014 770 1068 796 ex
1099 755 1247 811 gentili
1285 770 1425 798 errore
1463 757 1687 811 convertit3
1727 772 1805 814 pro

314 825 399 867 quo
429 811 580 854 Petrus
611 811 818 867 regnavit.

429 868 493 910 15.
542 868 662 910 1039.
700 864 951 909 Chdnradus
982 867 1214 922 imperator
1242 867 1280 908 2.
1315 867 1460 910 Nonas
1490 869 1603 910 Iunii
1633 867 1738 911 obiit
1768 875 1809 911 et

313 923 430 980 apud
458 924 607 966 urbem
640 938 748 980 quae
781 922 908 978 Spira
938 929 1116 965 vocatur
1146 922 1360 979 sepelitur.

314 1138 655 1182 OANTILENA
675 1138 738 1179 IN
764 1103 1189 1181 OHUONRADUM
1214 1139 1271 1181 Π.
1297 1138 1546 1182 FAOTUM
1565 1140 1810 1183 IMPERA-

949 1206 1169 1248 TOREM.

392 1289 428 1328 1.
483 1287 651 1329 Vocese
681 1286 821 1327 laudis
851 1285 1047 1341 humane,

485 1344 597 1384 curis
629 1342 792 1384 carneis
821 1355 961 1395 rauce,

482 1413 568 1440 non
598 1398 740 1440 divine
769 1399 980 1440 maiestati

483 1460 648 1497 tantum
683 1453 910 1495 sufficiunt.

388 1537 447 1578 2³.
485 1536 579 1588 Que
609 1533 847 1590 angelicam
970 1534 1052 1577 sibi
1081 1534 1274 1577 militiam

484 1593 526 1632 in
558 1590 736 1632 excelsis
857 1589 1038 1646 psallere
1068 1597 1259 1633 sanctam

482 1647 608 1688 iussit
637 1645 940 1703 simphoniam3

390 1728 451 1769 21³.
486 1727 662 1769 Necnon
694 1728 860 1769 variam
974 1726 1123 1768 mundi
1154 1726 1414 1769 discordiam

485 1783 742 1826 semovendo
858 1781 1120 1825 concordare

483 1839 585 1881 fecit
613 1840 874 1892 armoniam

372 1921 413 1963 3.
470 1919 585 1973 Quer
616 1919 847 1975 imperium
966 1919 1256 1962 confirmando
1288 1920 1529 1962 Romanum

486 1990 585 2018 suos
615 1990 750 2031 agnos
864 1974 979 2017 fonte
999 1974 1115 2024 ‚lotos

486 2047 511 2074 a
540 2031 738 2087 luporum
769 2030 981 2072 morsibus

486 2088 558 2144 pia
591 2102 699 2143 pace
730 2086 970 2129 custodivit.

391 2219 431 2260 4.
486 2217 578 2258 Hos
611 2215 878 2269 cuonradus,

485 2274 582 2329 pius
617 2280 769 2314 unctus
800 2272 988 2326 Domini,

484 2330 571 2370 iam
606 2327 793 2370 defendit
821 2327 1085 2383 imperando.

391 2408 450 2451 5³.
485 2408 625 2461 Quem
655 2408 950 2465 providentia&
1063 2407 1148 2449 Dei
1178 2407 1396 2463 praeclara

483 2464 816 2521 praedestinavit
930 2470 971 2506 et
1001 2462 1139 2520 elegit,

483 2535 631 2576 regere
660 2527 810 2576 gentes
841 2525 1040 2561 strennue
1150 2518 1332 2562 Davidis
1364 2519 1561 2577 exemplo

485 2577 726 2634 Messieque
757 2575 986 2632 triumpho.

415 2666 446 2701 a)
478 2668 584 2693 multis
608 2669 634 2694 2.
659 2668 686 2701 3,
708 2668 780 2693 deest
803 2668 833 2693 in
855 2667 958 2693 Ohron.
987 2666 1070 2692 Wirz.
1101 2669 1124 2691 et
1153 2673 1203 2698 ap.
1227 2666 1332 2691 Herim.
1417 2665 1447 2699 b)
1480 2666 1624 2692 Elisdrud
1648 2667 1682 2698 13
1710 2665 1814 2699 miph-

316 2707 413 2732 druda
437 2708 461 2732 2.
487 2707 515 2732 3.
597 2708 626 2739 c)
648 2708 721 2732 deest
744 2708 770 2732 1.
853 2707 884 2740 d)
914 2705 1111 2736 Cunegundis
1135 2706 1161 2731 2.
1186 2706 1214 2731 3.
1296 2705 1324 2739 e)
1356 2705 1479 2738 stropha
1501 2706 1596 2732 Melos
1619 2706 1720 2731 cuncti
1743 2711 1818 2731 con-

316 2747 463 2779 cinentes,
494 2753 567 2778 quae
587 2747 618 2771 in
640 2747 731 2771 codice
748 2746 902 2777 praecedit,
931 2745 1025 2770 nostri
1045 2745 1181 2770 carminis
1202 2752 1262 2770 non
1283 2748 1332 2775 esc,
1363 2745 1393 2770 id
1414 2745 1490 2777 quod
1510 2746 1568 2770 iam
1590 2743 1666 2776 Iaffe'
1683 2744 1813 2770 coniecit.

315 2786 390 2811 Nam
415 2793 477 2811 non
504 2786 595 2810 solum
623 2786 654 2810 in
675 2786 767 2810 codice
787 2786 881 2810 littera
903 2785 995 2810 rubra
1016 2785 1123 2816 incipit,
1154 2791 1213 2816 qua
1244 2785 1383 2809 librarius
1411 2785 1526 2816 sinqula
1554 2785 1685 2810 carmina
1712 2784 1812 2810 dietin-

314 2832 399 2857 9uere
426 2825 505 2858 solet,
533 2831 629 2849 verum
650 2825 733 2850 eciam
764 2832 783 2849 α
816 2824 931 2849 metrica
959 2827 1076 2848 nostrae
1104 2824 1266 2855 sequentiae
1294 2825 1407 2849 ratione
1429 2824 1548 2856 scropha
1570 2824 1621 2849 illa
1643 2823 1740 2849 aliena
1762 2826 1812 2850 est.

315 2863 339 2898 f)
363 2865 415 2896 qui
436 2865 516 2897 cod.,·
537 2864 693 2889 emendavit
716 2862 797 2895 Iaffe'.
882 2863 911 2896 g)
934 2863 1146 2895 providentiae
1167 2864 1226 2889 cod.
1238 2871 1248 2895 ;
1277 2864 1433 2889 emendavit
1454 2861 1535 2895 Iaffe'.
1552 2880 1554 2883 -
