1864 3250
334 278 378 309 14
657 274 866 310 WIPONIS
895 274 1049 309 GESTA
1076 273 1365 309 CHUONRADI
1390 271 1492 306 IMP.

229 406 316 433 1024.
330 394 522 430 nostrum
565 392 782 429 remaneat
793 393 822 427 ²³.
882 386 1095 438 Quocirca
1123 384 1228 426 mihi
1260 385 1451 439 videtur,
1496 385 1533 426 si
1570 386 1615 426 in
1651 399 1736 428 uno
1766 385 1820 427 de

331 444 454 486 nobis
497 443 567 485 hic
620 442 757 484 honor
794 442 1056 483 coadunatus
1093 441 1356 494 remanserit,
1400 447 1448 483 ut
1486 440 1592 483 alter
1611 440 1821 484 ›eiusdem

331 500 502 542 honoris
526 498 852 554 participatione
867 496 1042 539 ulterius
1060 496 1373 552 quodammodo
1395 511 1482 538 non
1498 502 1652 539 careat.
1700 495 1821 539 Sicut

332 556 444 598 enim
484 555 529 595 in
565 568 715 609 regum
752 559 970 608 parentes,
1016 553 1212 608 quamvis
1251 552 1390 594 cuncti
1431 567 1555 608 reges
1598 566 1685 594 non
1723 552 1819 606 sint,

330 611 503 652 honoris
534 609 745 666 quaedam
776 608 982 650 derivatio
1018 607 1344 662 transfunditur,
1381 608 1443 650 sic
1473 614 1515 650 et
1542 607 1587 649 hi
1617 608 1691 665 qui
1720 622 1819 651 con-

333 666 481 722 scripti
510 672 553 708 et
579 665 890 721 praenominati
929 663 986 705 ad
1014 669 1267 719 potestatem
1295 663 1469 718 fuerint,
1498 662 1599 706 licet
1626 663 1682 706 ad
1710 664 1820 706 hanc

331 737 417 764 non
456 722 729 778 perveniant,
772 727 916 762 tamen
953 719 1112 762 honore
1153 719 1340 803 Quodam
1378 719 1478 761 inde
1513 725 1614 762 nato
1651 720 1820 785 penitus

331 792 418 820 non
449 777 674 831 carebunt,
721 791 818 818 cum
857 776 912 817 ad
950 790 1159 817 summam
1219 775 1471 831 dignitatem
1504 775 1706 818 immeriti
1733 790 1821 818 non

332 835 617 890 exigerentur.
675 833 901 875 Praeterea
930 833 965 873 si
992 846 1143 886 regum
1165 831 1336 886 cognati
1356 837 1532 887 propter
1549 845 1672 888 reges
1691 831 1822 873 hono-

330 896 498 944 rantur,
539 897 750 944 cumque⁰
791 902 937 930 omnes
977 902 1080 943 erga
1116 902 1194 929 nos
1223 886 1328 929 tales
1359 901 1451 929 esse
1480 886 1629 942 velint,
1674 886 1821 944 quales

331 946 517 988 invicem
546 951 830 986 consentanea
858 949 999 985 mente
1028 944 1246 996 fuerimus,
1285 949 1327 985 et
1356 957 1406 985 eo
1435 942 1564 985 modo
1593 949 1822 999 provectus

332 1001 503 1043 alterius
534 1016 590 1042 ex
618 1000 749 1042 altero
778 1000 979 1056 pendeat:
1011 999 1084 1055 qui
1114 998 1322 1040 feliciores
1351 998 1476 1041 nobis
1497 1013 1588 1041 esse
1608 1005 1821 1055 poterunt,

333 1058 369 1099 si
409 1056 514 1099 alter
555 1056 773 1112 regnabit,
818 1055 924 1097 alter
962 1056 1155 1109 regnanti
1192 1053 1411 1111 publicam
1453 1069 1544 1097 rem
1582 1069 1662 1111 per
1696 1055 1823 1098 bene-

332 1112 560 1156 volentiam
590 1127 711 1154 suam
732 1112 854 1168 quasi
881 1110 1025 1152 solusd
1053 1110 1318 1166 praestabit?
1376 1111 1522 1164 Quare
1542 1111 1656 1153 cauti
1676 1111 1821 1166 simus,

331 1168 518 1211 alienum
547 1169 812 1225 propinquo,
843 1168 1053 1209 incertum
1083 1172 1198 1209 certo
1236 1181 1322 1208 non
1351 1167 1736 1222 praeferamus0·1;
1767 1181 1822 1209 ne

332 1225 538 1267 hodierna
581 1223 694 1277 dies,
739 1223 821 1265 huc
866 1237 1002 1280 usque
1042 1237 1119 1278 pro
1164 1221 1240 1264 tali
1279 1223 1453 1265 arbitrio
1493 1224 1594 1265 satis
1627 1221 1739 1265 laeta
1781 1227 1823 1264 et

332 1280 539 1333 iucunda,
583 1278 702 1335 longi
738 1279 941 1335 temporis
981 1278 1259 1320 infortunium
1296 1278 1418 1320 nobis
1456 1278 1616 1334 pariat,
1656 1279 1692 1320 si
1723 1291 1824 1320 con-

334 1342 502 1393 ceptam
514 1336 528 1363 f
554 1337 658 1378 tanti
680 1334 828 1391 populi
848 1335 1155 1389 benignitatem
1175 1335 1283 1376 male
1303 1335 1414 1377 inter
1433 1349 1510 1376 nos
1530 1334 1820 1377 tractabimus.

334 1392 461 1445 Quod
500 1407 554 1433 ne
592 1391 667 1433 fiat
705 1406 760 1433 ex
789 1405 885 1433 mea
919 1397 1062 1446 parte,
1102 1391 1289 1432 omnium
1320 1397 1600 1447 cognatorum
1629 1397 1823 1434 meorum

333 1448 625 1501 dilectissime,
666 1447 771 1503 quid
801 1447 854 1488 de
883 1453 924 1488 te
955 1447 1154 1500 sentiam,
1197 1446 1340 1488 dicere
1375 1446 1486 1489 volo.
1546 1446 1594 1489 Si
1632 1447 1822 1489 animum

333 1503 482 1561 populi
525 1517 766 1558 cognovero
810 1508 852 1545 te
893 1501 1024 1555 velle,
1068 1508 1110 1544 te
1151 1502 1391 1544 desiderare
1436 1503 1482 1544 in
1524 1503 1744 1545 dominum
1782 1509 1825 1545 et

332 1575 501 1615 regem,
538 1559 653 1600 nullo
691 1573 826 1614 pravo
863 1559 1034 1613 ingenio
1071 1558 1181 1600 hanc
1210 1557 1550 1601 benevolentiam
1579 1574 1606 1601 a
1633 1565 1676 1602 te
1703 1572 1824 1602 revo-

333 1616 454 1670 cabo,
487 1617 591 1671 quin
620 1616 763 1671 potius
800 1621 841 1656 te
872 1614 1026 1669 eligam
1063 1620 1181 1656 tanto
1219 1614 1385 1656 avidius
1423 1615 1622 1666 caeteris,
1665 1620 1824 1672 quanto

332 1687 400 1714 me
445 1670 626 1727 sperabo
669 1670 748 1713 tibi
791 1671 1020 1726 gratiorem
1063 1669 1159 1712 illis.
1226 1670 1273 1712 Si
1317 1676 1459 1712 autem
1497 1670 1618 1712 Deus
1661 1670 1718 1713 ad
1754 1685 1824 1713 me

332 1727 582 1786 respexerit,
614 1726 802 1769 debitam
831 1727 967 1768 vicem
997 1725 1103 1767 mihi
1132 1741 1158 1767 a
1187 1731 1228 1768 te
1256 1726 1435 1782 rependi
1463 1741 1550 1768 non
1578 1726 1756 1770 dubito’.

445 1782 517 1824 Ad
545 1783 650 1824 haec
678 1783 849 1824 iunior&
879 1782 1058 1824 Chuono
1087 1797 1154 1824 res
1190 1782 1327 1835 ondit,
1358 1788 1490 1824 totam
1519 1782 1629 1824 hanc
1659 1787 1823 1825 senten-

333 1840 435 1882 tiam
468 1840 551 1881 sibi
580 1844 800 1894 acceptam
829 1838 941 1892 fore3
973 1853 1103 1895 seque
1132 1837 1193 1878 ili
1224 1838 1349 1880 sicuti
1369 1844 1551 1894 cognato
1581 1837 1823 1893 karissimo,

335 1897 371 1937 si
400 1910 498 1937 eum
527 1910 594 1936 res
624 1909 791 1936 summa
819 1901 1010 1948 vocaret,
1055 1909 1222 1936 omnem
1262 1894 1424 1950 regiam
1460 1893 1709 1937 fidelitatem
1737 1893 1825 1936 fac-

332 1957 489 2005 turum,
518 1951 751 1992 certissime
780 1950 988 2006 promisit.
1044 1950 1160 1992 Inter
1188 1950 1294 1991 haec
1314 1950 1446 1992 verba
1472 1951 1608 1992 maior
1629 1949 1824 2004 Ohuono,

364 2006 560 2048 Iuribush
588 2004 843 2058 videntibus,
878 2004 1098 2061 paululum
1128 2019 1173 2047 se
1202 2004 1414 2047 acclinans
1444 2011 1674 2061 cognatum
1704 2020 1825 2048 oscu-

333 2022 443 2104 fatus
474 2068 555 2116 est3
606 2075 689 2118 quo
732 2061 876 2103 osculo
914 2062 1100 2117 primum
1137 2061 1449 2118 deprehensum
1479 2067 1562 2116 est,
1596 2067 1824 2119 utrumque

334 2118 502 2160 illorum
522 2117 643 2160 alteri
663 2118 929 2174 acquievisse
943 2125 971 2159 ².
1030 2117 1144 2158 Hinc
1174 2123 1344 2173 sumpto
1374 2117 1534 2160 indicio
1555 2117 1822 2172 concordiae,

335 2175 566 2217 consedere
595 2174 826 2230 principes,
857 2172 1042 2229 populus
1070 2173 1438 2229 frequentissimus
1468 2173 1655 2216 astabat:

504 2230 627 2271 Tunc
657 2228 772 2286 quod
802 2229 982 2285 quisque
1013 2228 1086 2270 diu
1113 2228 1300 2271 velatum
1330 2229 1459 2271 corde
1488 2228 1675 2286 tegebat,

502 2286 632 2328 Ferre
661 2285 804 2341 palam
832 2284 994 2326 licitum
1022 2285 1239 2341 gaudebat
1267 2292 1435 2342 tempus
1464 2284 1626 2327 adesse.

447 2340 812 2397 Archiepiscopus
828 2341 1180 2397 Moguntinensis,
1212 2342 1330 2383 cuius
1361 2342 1569 2384 sententia
1596 2346 1695 2384 ante
1715 2339 1822 2384 alios

334 2397 588 2462 accipienda
616 2397 708 2449 fuit,
738 2402 913 2452 rogatus
942 2412 968 2438 a
1029 2397 1156 2452 opulo
1194 2397 1296 2453 quid
1327 2398 1408 2440 sibi
1437 2397 1664 2452 videretur,
1693 2396 1826 2440 abun-

335 2454 452 2495 dant1
489 2452 641 2507 corde,
686 2452 809 2494 hilari
851 2466 956 2495 voce
1010 2452 1187 2495 audavit
1225 2460 1267 2495 et
1305 2453 1434 2509 elegit
1469 2453 1642 2495 maioris
1672 2454 1823 2496 aetatis

336 2508 615 2551 Chuononem
654 2523 778 2550 suum
812 2509 857 2550 in
886 2508 1105 2550 dominum
1136 2515 1178 2551 et
1206 2524 1353 2565 regem
1382 2515 1509 2566 atque
1537 2515 1746 2552 rectorem
1782 2514 1826 2552 et

454 2633 484 2668 a)
518 2638 694 2673 remaneret
716 2637 742 2663 2.
832 2635 864 2670 b)
894 2643 966 2662 nam
996 2636 1034 2662 ad
1065 2643 1151 2662 suam
1178 2637 1205 2664 2.
1297 2635 1324 2669 c)
1358 2643 1490 2669 eumque
1514 2638 1542 2665 1.
1634 2634 1666 2671 d)
1700 2636 1774 2664 decet
1796 2637 1824 2664 2.

336 2673 365 2708 e)
388 2674 580 2739 prossraxlnus
603 2677 629 2702 1.
718 2674 743 2710 f)
766 2676 810 2702 sic
833 2678 954 2708 captam
976 2676 1011 2707 13
1039 2676 1082 2702 sie
1105 2678 1284 2709 conceptam
1306 2677 1333 2704 2.
1413 2675 1444 2710 g)
1467 2676 1570 2703 minor
1590 2676 1620 2703 θ.
1699 2674 1734 2710 h)
1755 2676 1826 2710 plu-

336 2714 421 2739 rimis
466 2718 535 2740 wel.

462 2814 495 2854 1)
535 2812 624 2847 Sall.
660 2812 733 2846 Cat.
767 2826 795 2847 c.
831 2815 895 2847 20:
945 2825 1061 2858 neque
1101 2825 1167 2858 ego
1205 2816 1343 2849 incerta
1379 2826 1443 2859 pro
1483 2815 1588 2849 certis
1627 2818 1824 2860 captarem.

338 2860 376 2904 2)
411 2861 497 2896 Vide
522 2873 634 2906 supra
658 2873 694 2905 p.
725 2863 781 2897 12.
809 2874 846 2896 n.
874 2864 908 2896 2.
