1864 3250
417 234 626 268 WIPONIS
653 232 809 267 GESTA
836 231 1126 266 CHUONRADI
1152 232 1252 265 IMP.
1532 232 1579 265 33

82 348 206 390 cuius
235 361 391 404 corpus
420 346 669 402 imperatrix
705 349 974 401 prosecuta¹‚
1007 358 1103 386 cum
1132 343 1221 386 filio
1241 343 1446 385 Heinrico
1477 357 1579 399 rege
1595 357 1683 386 102⁹.

83 402 139 446 ad
167 403 412 459 Augustam
442 401 587 444 sedem
617 415 737 443 suam
766 400 998 443 honorifice
1033 399 1204 456 sepeliri
1231 399 1435 442 fecerunt.
1494 399 1578 442 No-

83 458 182 502 bilis
211 459 326 502 enim
355 458 478 502 valde
508 457 588 500 fuit
616 459 708 514 ipse
730 457 957 513 episcopus
977 456 1137 498 Bruno.
1195 455 1306 497 Nam
1337 456 1436 497 dum
1469 461 1580 498 esset

81 514 214 558 frater
250 515 445 558 Heinrici
487 514 778 570 imperatoris,
825 512 935 554 filius
979 519 1070 555 erat
1112 517 1364 554 materterae
1407 510 1579 554 Giselae

82 571 382 628 imperatricis,
441 570 571 613 Soror
599 583 699 611 vero
730 568 922 611 eiusdem
953 569 1173 625 episcopi²
1203 574 1338 624 nupta
1359 567 1579 624 Stephano

83 628 176 684 regi
203 627 493 684 Ungariorum
534 640 664 668 causa
707 625 787 666 fuit
815 624 1131 667 christianitatis
1161 625 1349 681 primum
1379 625 1424 665 in
1453 631 1579 680 gente

83 683 342 727 Pannonica.
425 683 734 739 Episcopatum
783 695 885 723 vero
935 679 1255 737 Augustensem
1303 679 1579 723 Eberhardus

82 741 284 796 suscepit.

81 845 152 888 25.
211 843 464 898 Qualiter
507 843 615 885 dux
655 843 943 908 Ernestus·
970 842 1227 907 ducatum
1272 841 1489 897 accepit
1529 848 1580 884 et

625 905 807 942 statim
844 904 1038 940 amlsit.

193 967 321 1011 Anno
341 968 519 1011 Domini
538 968 657 1009 1030.
688 968 921 1024 imperator
942 966 1223 1010 Ohuonradus
1248 965 1365 1023 apud
1384 965 1578 1022 Ingelen-
1593 976 1682 1004 1030.

81 1024 226 1067 heim*
264 1024 424 1082 pascha
469 1023 709 1066 celebravit.
780 1022 848 1065 Ibi
892 1023 1098 1065 Ernestus
1144 1037 1274 1079 supra
1317 1029 1577 1065 memoratus
1592 1017 1682 1044 ΜΨ·
1705 1015 1753 1045 ²⁹·

81 1080 173 1124 dux
200 1080 503 1134 Alamanniae,
547 1095 573 1122 a
611 1079 806 1122 custodia
845 1078 1006 1121 solutus
1049 1078 1251 1120 ducatum
1282 1078 1445 1134 recepit
1456 1085 1486 1131 ³,
1527 1093 1576 1121 eo

79 1142 226 1180 tenore
254 1143 303 1180 ut
330 1136 635 1180 Wezelonemb
666 1134 843 1177 militem
875 1150 1012 1189 suum,
1044 1135 1117 1190 qui
1147 1133 1290 1176 multis
1319 1133 1578 1176 factionibus

81 1207 261 1258 regnum
291 1193 550 1246 turbaverat,
582 1192 705 1258 quasi
734 1191 900 1234 hostem
929 1192 991 1233 rei
1019 1190 1219 1248 publicae
1250 1205 1349 1232 cum
1380 1190 1579 1232 omnibus

82 1263 171 1307 suls
213 1264 339 1306 perse
371 1256 568 1292 ueretur⁰
596 1247 728 1304 1dque
754 1263 798 1290 se
827 1247 1040 1290 facturum
1063 1262 1162 1289 cum
1184 1252 1449 1289 sacramento
1481 1261 1580 1288 con-

82 1305 282 1348 firmaret.
341 1264 470 1359 &uod
500 1320 599 1347 cum
630 1304 748 1346 duxd
778 1304 916 1346 facere
945 1302 1087 1355 nollet,
1117 1303 1251 1345 hostis
1272 1301 1472 1359 publicus
1502 1304 1578 1344 im-

81 1363 291 1418 peratoris
331 1361 589 1404 diiudicatus
631 1366 710 1414 est,
756 1367 798 1403 et
840 1361 1010 1416 penitus
1055 1359 1216 1401 ducatu
1260 1359 1435 1412 amisso,
1481 1372 1579 1400 cum

113 1418 231 1460 aucis
260 1417 360 1460 inde
396 1418 582 1460 recessit.
640 1417 880 1473 Imperator
915 1430 1016 1458 vero
1056 1415 1259 1457 ducatum
1298 1414 1578 1458 Alamanniae

129 1474 370 1524 erimanno,
415 1474 572 1516 iuniori
609 1472 730 1516 fratri
766 1471 958 1514 eiusdem
994 1471 1188 1524 Ernesti,
1234 1471 1352 1513 dedit
1395 1486 1579 1528 eumque

81 1528 348 1572 Warmanno
379 1529 696 1573 Constantiensi
725 1529 926 1585 episcopo
959 1527 1286 1570 commendavit.
1340 1528 1580 1583 Imperator

82 1601 184 1629 vero
225 1587 443 1629 communi
474 1584 649 1627 consilio
696 1585 884 1627 omnium
928 1585 1170 1641 principum
1212 1585 1334 1640 regni
1378 1583 1578 1626 eumdem

83 1641 314 1685 Emestum
351 1650 394 1685 et
422 1648 598 1684 cunctos
628 1642 813 1683 iustitiae
831 1647 872 1683 et
892 1641 989 1697 paci
1009 1639 1267 1683 reluctantes
1287 1640 1341 1683 ab
1363 1639 1577 1696 episcopis

82 1699 446 1741 excommunicari
487 1698 588 1740 fecit
641 1711 872 1753 eorumque
916 1711 985 1739 res
1025 1695 1236 1752 publicari
1278 1696 1415 1738 iussit.
1475 1696 1578 1752 Ipsa

82 1754 335 1811 imperatrix
351 1753 510 1808 Gisela,
572 1753 659 1796 uod
689 1753 806 1796 dictu
836 1758 900 1795 est
919 1752 1186 1795 miserabilee
1218 1751 1293 1794 sed
1314 1757 1414 1794 actu
1432 1751 1578 1794 lauda-

81 1809 182 1866 bile,
211 1810 346 1853 filium
366 1812 547 1853 incensu
565 1817 656 1852 tum
676 1809 858 1866 sapienti
878 1809 1031 1851 marito
1052 1815 1329 1865 postponens,
1362 1807 1577 1864 publicam

81 1867 212 1910 fidem
227 1867 346 1910 dedit
366 1866 578 1921 omnibus,
609 1865 815 1923 quicquid
836 1864 919 1906 illif
942 1865 1178 1918 accidisset,
1194 1863 1354 1906 nullam
1374 1863 1579 1907 ultionem

77 1938 218 1981 neque
247 1923 407 1966 malum
437 1923 626 1964 animum
657 1937 735 1979 pro
765 1922 846 1964 hac
874 1936 920 1963 re
951 1936 994 1964 se
1023 1920 1288 1963 reddituram
1316 1921 1421 1964 fore.

193 2029 259 2072 26.
320 2027 473 2081 Quod
511 2029 811 2083 imperator
850 2041 1007 2082 super
1046 2025 1316 2082 Ungarios
1349 2039 1466 2067 cum

601 2082 859 2125 exercitu
894 2082 1056 2124 venit.

192 2151 360 2195 Eodem
389 2158 581 2208 tempore
619 2150 777 2194 multae
807 2150 1093 2193 dissensiones
1130 2150 1239 2192 inter
1268 2155 1441 2205 gentem
1471 2149 1579 2191 Pan-

80 2209 278 2252 nonicam
309 2215 352 2251 et
378 2208 615 2261 Baioarios,
647 2206 775 2262 culpa
805 2213 947 2249 tamen
966 2206 1278 2256 Baioariorum,
1307 2205 1444 2247 factae
1466 2211 1577 2258 sunt,

81 2265 143 2308 ita
185 2271 233 2307 ut
277 2264 519 2322 Stephanus
574 2278 652 2306 rex
696 2262 986 2328 Ungariorum
1030 2261 1184 2304 multas
1229 2261 1493 2303 incursiones
1539 2266 1581 2302 et
1638 2302 1642 2314 Ἰ,

81 2320 264 2378 praedas
278 2321 324 2362 in
338 2335 469 2377 regno
485 2320 753 2374 Noricorum,
774 2318 819 2360 1d
836 2325 899 2360 est
915 2318 1226 2371 Baioariorum,
1242 2317 1413 2359 faceret.
1455 2316 1582 2359 Unde

83 2384 320 2420 commotus
350 2377 582 2442 imperator
603 2374 887 2418 Chuonradus
920 2389 1018 2416 cum
1047 2372 1201 2431 grandi
1231 2372 1423 2416 exercitu
1453 2387 1582 2429 super

82 2433 298 2489 Ungarios
326 2439 457 2475 vemt.
511 2433 607 2475 Rex
633 2437 779 2474 autem
801 2431 1043 2488 Stephanus
1071 2430 1247 2472 minime
1275 2428 1488 2471 sufficiens
1509 2428 1581 2470 ad-

203 2528 233 2563 ιι)
255 2529 457 2562 Ingelnehem
480 2531 514 2562 13
537 2529 740 2562 Ingelnheym
763 2529 796 2561 23
823 2528 990 2560 Ingilheim
1011 2528 1103 2554 Zwecl.
1205 2526 1236 2561 b)
1267 2526 1472 2553 wehelonem
1496 2526 1523 2552 1.
1547 2526 1581 2557 23

82 2569 278 2598 wezilonem
298 2569 391 2595 Zweel.
454 2567 482 2603 c)
504 2572 741 2602 prosequeretur
764 2569 788 2594 1.
860 2568 890 2603 d)
914 2574 969 2594 rex
991 2568 1019 2594 2.
1087 2566 1115 2602 e)
1136 2567 1178 2592 ita
1202 2568 1228 2593 1.
1250 2566 1362 2599 Zweel.‚·
1384 2565 1528 2592 mirabile
1552 2566 1581 2591 2.

83 2606 108 2643 f)
130 2609 179 2635 im
201 2609 317 2635 malum
336 2608 428 2634 Ζωειῑ.

209 2683 246 2728 1)
272 2683 430 2717 Macrob.
460 2681 586 2717 Oomm.
613 2683 652 2717 in
676 2695 786 2719 nomn.
813 2682 989 2727 Scipionis
1016 2682 1069 2725 II,
1090 2684 1123 2723 3,
1148 2682 1189 2714 6.·
1217 2685 1373 2715 mortuos
1393 2681 1440 2714 ad
1460 2679 1581 2724 sepul·

83 2735 202 2767 turam
226 2733 415 2777 prosequi;
449 2743 482 2766 v.
517 2731 619 2774 infra
643 2743 670 2766 c.
697 2733 763 2766 39:
800 2734 861 2776 qui
886 2733 987 2766 illum
1012 2742 1126 2775 usque
1153 2733 1370 2775 sepulturam
1398 2730 1582 2774 prosecuti

85 2785 179 2816 emt.
273 2781 312 2825 2)
352 2780 484 2815 Gisela.
594 2781 632 2823 3)
673 2779 836 2824 Confusa.
863 2782 1036 2815 Ernestus
1062 2781 1136 2814 iam
1163 2791 1256 2813 anno
1288 2779 1392 2814 1028.
1421 2778 1583 2812 custodia

86 2831 222 2865 solutus
247 2831 416 2864 ducatum
441 2835 638 2873 receperat;
665 2831 711 2873 cf.
737 2841 829 2873 quae
855 2830 1008 2864 disserui
1035 2829 1154 2863 Neues
1181 2828 1313 2862 Archiv
1341 2827 1398 2869 II,
1426 2827 1510 2861 592.

1276 2886 1302 2927 3
