<?xml version="1.0" encoding="UTF-8"?>
<!DOCTYPE html PUBLIC "-//W3C//DTD XHTML 1.0 Transitional//EN"
    "http://www.w3.org/TR/xhtml1/DTD/xhtml1-transitional.dtd">
<html xmlns="http://www.w3.org/1999/xhtml" xml:lang="en" lang="en">
 <head>
  <title>
</title>
<meta http-equiv="Content-Type" content="text/html;charset=utf-8" />
  <meta name='ocr-system' content='tesseract 3.04.00' />
  <meta name='ocr-capabilities' content='ocr_page ocr_carea ocr_par ocr_line ocrx_word'/>
</head>
<body>
  <div class='ocr_page' id='page_1' title='image "./gestachuonradiii00wipouoft_0013.png"; bbox 0 0 1864 3250; ppageno 0'>
   <div class='ocr_carea' id='block_1_1' title="bbox 1518 246 1570 279">
    <p class='ocr_par' dir='ltr' id='par_1_1' title="bbox 1518 246 1570 279">
     <span class='ocr_line' id='line_1_1' title="bbox 1518 246 1570 279; baseline 0 0"><span class='ocrx_word' id='word_1_1' title='bbox 1518 246 1570 279; x_wconf 90' lang='lat' dir='ltr'><em>IX</em></span> 
     </span>
    </p>
   </div>
   <div class='ocr_carea' id='block_1_2' title="bbox 65 357 1568 1602">
    <p class='ocr_par' dir='ltr' id='par_1_2' title="bbox 67 357 1568 529">
     <span class='ocr_line' id='line_1_2' title="bbox 74 357 1567 416; baseline -0.002 -13"><span class='ocrx_word' id='word_1_2' title='bbox 74 360 130 403; x_wconf 86' lang='lat' dir='ltr'><em>In</em></span> <span class='ocrx_word' id='word_1_3' title='bbox 148 360 245 416; x_wconf 86' lang='lat' dir='ltr'><em>fine</em></span> <span class='ocrx_word' id='word_1_4' title='bbox 274 360 487 403; x_wconf 87' lang='lat' dir='ltr'><em>habentur</em></span> <span class='ocrx_word' id='word_1_5' title='bbox 517 360 622 402; x_wconf 84' lang='lat' dir='ltr'><em>haec</em></span> <span class='ocrx_word' id='word_1_6' title='bbox 654 359 783 402; x_wconf 83' lang='lat' dir='ltr'><em>verba</em></span> <span class='ocrx_word' id='word_1_7' title='bbox 815 359 1028 401; x_wconf 65' lang='lat' dir='ltr'><em>‘Recidirt</em></span> <span class='ocrx_word' id='word_1_8' title='bbox 1053 374 1148 401; x_wconf 87' lang='lat' dir='ltr'><em>cum</em></span> <span class='ocrx_word' id='word_1_9' title='bbox 1187 357 1413 415; x_wconf 77' lang='lat' dir='ltr'><em>Oriqinali</em></span> <span class='ocrx_word' id='word_1_10' title='bbox 1432 373 1567 400; x_wconf 83' lang='lat' dir='ltr'><em>manu</em></span> 
     </span>
     <span class='ocr_line' id='line_1_3' title="bbox 67 415 1568 474; baseline -0.001 -15"><span class='ocrx_word' id='word_1_11' title='bbox 67 417 290 474; x_wconf 86' lang='lat' dir='ltr'><em>propria’.</em></span> <span class='ocrx_word' id='word_1_12' title='bbox 348 416 583 458; x_wconf 76' lang='lat' dir='ltr'><em>Librarius</em></span> <span class='ocrx_word' id='word_1_13' title='bbox 625 417 869 472; x_wconf 76' lang='lat' dir='ltr'><em>praecipue</em></span> <span class='ocrx_word' id='word_1_14' title='bbox 913 416 962 457; x_wconf 89' lang='lat' dir='ltr'><em>in</em></span> <span class='ocrx_word' id='word_1_15' title='bbox 1001 415 1282 471; x_wconf 73' lang='lat' dir='ltr'><em>praefatione</em></span> <span class='ocrx_word' id='word_1_16' title='bbox 1322 416 1568 472; x_wconf 74' lang='lat' dir='ltr'><em>primisque</em></span> 
     </span>
     <span class='ocr_line' id='line_1_4' title="bbox 75 472 1566 529; baseline -0.001 -13"><span class='ocrx_word' id='word_1_17' title='bbox 75 473 296 529; x_wconf 74' lang='lat' dir='ltr'><em>capitibus</em></span> <span class='ocrx_word' id='word_1_18' title='bbox 315 472 474 515; x_wconf 88' lang='lat' dir='ltr'><em>multas</em></span> <span class='ocrx_word' id='word_1_19' title='bbox 495 472 682 515; x_wconf 84' lang='lat' dir='ltr'><em>lacunas</em></span> <span class='ocrx_word' id='word_1_20' title='bbox 712 472 900 528; x_wconf 88' lang='lat' dir='ltr'><em>reliquit,</em></span> <span class='ocrx_word' id='word_1_21' title='bbox 934 478 1012 513; x_wconf 88' lang='lat' dir='ltr'><em>aut</em></span> <span class='ocrx_word' id='word_1_22' title='bbox 1041 474 1147 528; x_wconf 86' lang='lat' dir='ltr'><em>quia</em></span> <span class='ocrx_word' id='word_1_23' title='bbox 1177 472 1312 514; x_wconf 77' lang='lat' dir='ltr'><em>codeoe</em></span> <span class='ocrx_word' id='word_1_24' title='bbox 1344 473 1566 527; x_wconf 85' lang='lat' dir='ltr'><em>antiquus,</em></span> 
     </span>
    </p>

    <p class='ocr_par' dir='ltr' id='par_1_3' title="bbox 66 528 1568 810">
     <span class='ocr_line' id='line_1_5' title="bbox 104 528 1568 585; baseline 0 -14"><span class='ocrx_word' id='word_1_25' title='bbox 104 543 160 572; x_wconf 84' lang='lat' dir='ltr'><em>uo</em></span> <span class='ocrx_word' id='word_1_26' title='bbox 189 529 402 582; x_wconf 77' lang='lat' dir='ltr'><em>utebatur,</em></span> <span class='ocrx_word' id='word_1_27' title='bbox 431 528 652 571; x_wconf 90' lang='lat' dir='ltr'><em>laceratus</em></span> <span class='ocrx_word' id='word_1_28' title='bbox 682 534 788 582; x_wconf 84' lang='lat' dir='ltr'><em>erat,</em></span> <span class='ocrx_word' id='word_1_29' title='bbox 827 534 905 569; x_wconf 88' lang='lat' dir='ltr'><em>aut</em></span> <span class='ocrx_word' id='word_1_30' title='bbox 934 530 1041 585; x_wconf 88' lang='lat' dir='ltr'><em>quia</em></span> <span class='ocrx_word' id='word_1_31' title='bbox 1079 529 1347 584; x_wconf 71' lang='lat' dir='ltr'><em>scripturam</em></span> <span class='ocrx_word' id='word_1_32' title='bbox 1371 530 1568 584; x_wconf 85' lang='lat' dir='ltr'><em>primum</em></span> 
     </span>
     <span class='ocr_line' id='line_1_6' title="bbox 75 545 1567 643; baseline -0.001 -15"><span class='ocrx_word' id='word_1_33' title='bbox 75 545 258 642; x_wconf 60' lang='grc' dir='ltr'><strong><em>Ξξῇἰσίἶε</em></strong></span> <span class='ocrx_word' id='word_1_34' title='bbox 286 583 464 643; x_wconf 74' lang='lat' dir='ltr'><em>leqebat,</em></span> <span class='ocrx_word' id='word_1_35' title='bbox 488 586 750 641; x_wconf 74' lang='lat' dir='ltr'><em>pedetentim</em></span> <span class='ocrx_word' id='word_1_36' title='bbox 778 585 931 627; x_wconf 87' lang='lat' dir='ltr'><em>melius</em></span> <span class='ocrx_word' id='word_1_37' title='bbox 959 584 1098 641; x_wconf 75' lang='lat' dir='ltr'><em>leqerc</em></span> <span class='ocrx_word' id='word_1_38' title='bbox 1128 585 1296 627; x_wconf 86' lang='lat' dir='ltr'><em>didicit.</em></span> <span class='ocrx_word' id='word_1_39' title='bbox 1354 585 1567 641; x_wconf 89' lang='lat' dir='ltr'><em>Persaepe</em></span> 
     </span>
     <span class='ocr_line' id='line_1_7' title="bbox 66 639 1566 698; baseline -0.001 -14"><span class='ocrx_word' id='word_1_40' title='bbox 66 657 155 698; x_wconf 88' lang='lat' dir='ltr'><em>pro</em></span> <span class='ocrx_word' id='word_1_41' title='bbox 185 641 330 684; x_wconf 85' lang='lat' dir='ltr'><em>litte-ra</em></span> <span class='ocrx_word' id='word_1_42' title='bbox 358 657 381 683; x_wconf 87' lang='lat' dir='ltr'><strong>z</strong></span> <span class='ocrx_word' id='word_1_43' title='bbox 410 642 597 684; x_wconf 86' lang='lat' dir='ltr'><em>litteram</em></span> <span class='ocrx_word' id='word_1_44' title='bbox 625 640 665 695; x_wconf 94' lang='lat' dir='ltr'><em>h,</em></span> <span class='ocrx_word' id='word_1_45' title='bbox 698 641 864 697; x_wconf 75' lang='lat' dir='ltr'><em>aliquot</em></span> <span class='ocrx_word' id='word_1_46' title='bbox 892 641 997 683; x_wconf 89' lang='lat' dir='ltr'><em>locis</em></span> <span class='ocrx_word' id='word_1_47' title='bbox 1025 639 1141 683; x_wconf 85' lang='lat' dir='ltr'><em>alias</em></span> <span class='ocrx_word' id='word_1_48' title='bbox 1169 641 1336 683; x_wconf 78' lang='lat' dir='ltr'><em>litteras</em></span> <span class='ocrx_word' id='word_1_49' title='bbox 1365 644 1541 698; x_wconf 86' lang='lat' dir='ltr'><em>scripsit</em></span> <span class='ocrx_word' id='word_1_50' title='bbox 1550 657 1566 695; x_wconf 91' lang='lat'><em>,·</em></span> 
     </span>
     <span class='ocr_line' id='line_1_8' title="bbox 73 697 1566 754; baseline 0.001 -13"><span class='ocrx_word' id='word_1_51' title='bbox 73 713 162 754; x_wconf 87' lang='lat' dir='ltr'><em>qua</em></span> <span class='ocrx_word' id='word_1_52' title='bbox 199 712 252 740; x_wconf 77' lang='lat' dir='ltr'><em>eoe</em></span> <span class='ocrx_word' id='word_1_53' title='bbox 290 712 338 739; x_wconf 89' lang='lat' dir='ltr'><em>re</em></span> <span class='ocrx_word' id='word_1_54' title='bbox 378 700 571 741; x_wconf 78' lang='lat' dir='ltr'><em>conicere</em></span> <span class='ocrx_word' id='word_1_55' title='bbox 609 698 717 751; x_wconf 88' lang='lat' dir='ltr'><em>licet,</em></span> <span class='ocrx_word' id='word_1_56' title='bbox 756 697 955 750; x_wconf 83' lang='lat' dir='ltr'><em>codicem,</em></span> <span class='ocrx_word' id='word_1_57' title='bbox 995 712 1078 753; x_wconf 84' lang='lat' dir='ltr'><em>quo</em></span> <span class='ocrx_word' id='word_1_58' title='bbox 1109 712 1215 739; x_wconf 86' lang='lat' dir='ltr'><em>usus</em></span> <span class='ocrx_word' id='word_1_59' title='bbox 1244 703 1317 751; x_wconf 87' lang='lat' dir='ltr'><em>est,</em></span> <span class='ocrx_word' id='word_1_60' title='bbox 1347 713 1458 740; x_wconf 87' lang='lat' dir='ltr'><em>saec.</em></span> <span class='ocrx_word' id='word_1_61' title='bbox 1490 699 1566 743; x_wconf 88' lang='lat' dir='ltr'><em>XI.</em></span> 
     </span>
     <span class='ocr_line' id='line_1_9' title="bbox 74 753 1012 810; baseline -0.003 -13"><span class='ocrx_word' id='word_1_62' title='bbox 74 755 162 797; x_wconf 83' lang='lat' dir='ltr'><em>sive</em></span> <span class='ocrx_word' id='word_1_63' title='bbox 190 754 292 796; x_wconf 89' lang='lat' dir='ltr'><em>XII.</em></span> <span class='ocrx_word' id='word_1_64' title='bbox 322 755 411 797; x_wconf 88' lang='lat' dir='ltr'><em>sive</em></span> <span class='ocrx_word' id='word_1_65' title='bbox 441 755 564 796; x_wconf 91' lang='lat' dir='ltr'><em>XIII.</em></span> <span class='ocrx_word' id='word_1_66' title='bbox 594 755 805 810; x_wconf 83' lang='lat' dir='ltr'><em>scriptum</em></span> <span class='ocrx_word' id='word_1_67' title='bbox 822 753 1012 809; x_wconf 86' lang='lat' dir='ltr'><em>fuisse1.</em></span> 
     </span>
    </p>

    <p class='ocr_par' dir='ltr' id='par_1_4' title="bbox 65 809 1565 1375">
     <span class='ocr_line' id='line_1_10' title="bbox 185 809 1564 867; baseline 0.001 -15"><span class='ocrx_word' id='word_1_68' title='bbox 185 809 230 863; x_wconf 84' lang='lat'><em>2)</em></span> <span class='ocrx_word' id='word_1_69' title='bbox 262 811 381 854; x_wconf 82' lang='lat' dir='ltr'><em>Idem</em></span> <span class='ocrx_word' id='word_1_70' title='bbox 404 810 548 854; x_wconf 73' lang='lat' dir='ltr'><em>Codeoe</em></span> <span class='ocrx_word' id='word_1_71' title='bbox 563 810 713 867; x_wconf 86' lang='lat' dir='ltr'><em>fuisse</em></span> <span class='ocrx_word' id='word_1_72' title='bbox 735 811 918 864; x_wconf 86' lang='lat' dir='ltr'><em>videtur,</em></span> <span class='ocrx_word' id='word_1_73' title='bbox 951 825 1033 867; x_wconf 83' lang='lat' dir='ltr'><em>quo</em></span> <span class='ocrx_word' id='word_1_74' title='bbox 1063 810 1126 851; x_wconf 83' lang='lat' dir='ltr'><em>Pi</em></span> <span class='ocrx_word' id='word_1_75' title='bbox 1136 811 1366 864; x_wconf 87' lang='lat' dir='ltr'><em>storius,</em></span> <span class='ocrx_word' id='word_1_76' title='bbox 1397 817 1564 867; x_wconf 90' lang='lat' dir='ltr'><em>reperto</em></span> 
     </span>
     <span class='ocr_line' id='line_1_11' title="bbox 73 866 1565 919; baseline 0 -10"><span class='ocrx_word' id='word_1_77' title='bbox 73 868 123 910; x_wconf 92' lang='lat' dir='ltr'><em>in</em></span> <span class='ocrx_word' id='word_1_78' title='bbox 152 866 406 910; x_wconf 73' lang='lat' dir='ltr'><em>bibliotheca</em></span> <span class='ocrx_word' id='word_1_79' title='bbox 436 867 665 910; x_wconf 85' lang='lat' dir='ltr'><em>cuiusdam</em></span> <span class='ocrx_word' id='word_1_80' title='bbox 690 868 947 909; x_wconf 83' lang='lat' dir='ltr'><em>monasterii</em></span> <span class='ocrx_word' id='word_1_81' title='bbox 967 867 1156 919; x_wconf 85' lang='lat' dir='ltr'><em>Suevici,</em></span> <span class='ocrx_word' id='word_1_82' title='bbox 1186 867 1235 908; x_wconf 89' lang='lat' dir='ltr'><em>in</em></span> <span class='ocrx_word' id='word_1_83' title='bbox 1266 867 1452 910; x_wconf 83' lang='lat' dir='ltr'><em>editione</em></span> <span class='ocrx_word' id='word_1_84' title='bbox 1482 883 1565 909; x_wconf 87' lang='lat' dir='ltr'><em>sua</em></span> 
     </span>
     <span class='ocr_line' id='line_1_12' title="bbox 65 922 1564 979; baseline 0 -13"><span class='ocrx_word' id='word_1_85' title='bbox 65 924 286 979; x_wconf 84' lang='lat' dir='ltr'><em>paranda</em></span> <span class='ocrx_word' id='word_1_86' title='bbox 315 939 421 966; x_wconf 85' lang='lat' dir='ltr'><em>usus</em></span> <span class='ocrx_word' id='word_1_87' title='bbox 441 930 513 966; x_wconf 83' lang='lat' dir='ltr'><em>est.</em></span> <span class='ocrx_word' id='word_1_88' title='bbox 552 923 641 966; x_wconf 81' lang='lat' dir='ltr'><em>Sed</em></span> <span class='ocrx_word' id='word_1_89' title='bbox 660 923 849 966; x_wconf 87' lang='lat' dir='ltr'><em>Pistorio</em></span> <span class='ocrx_word' id='word_1_90' title='bbox 881 929 1058 979; x_wconf 91' lang='lat' dir='ltr'><em>praeter</em></span> <span class='ocrx_word' id='word_1_91' title='bbox 1088 922 1210 964; x_wconf 88' lang='lat' dir='ltr'><em>illum</em></span> <span class='ocrx_word' id='word_1_92' title='bbox 1240 924 1426 966; x_wconf 85' lang='lat' dir='ltr'><em>codicem</em></span> <span class='ocrx_word' id='word_1_93' title='bbox 1448 924 1564 966; x_wconf 86' lang='lat' dir='ltr'><em>alius</em></span> 
     </span>
     <span class='ocr_line' id='line_1_13' title="bbox 77 979 1565 1036; baseline 0 -14"><span class='ocrx_word' id='word_1_94' title='bbox 77 979 138 1022; x_wconf 86' lang='lat' dir='ltr'><em>ad</em></span> <span class='ocrx_word' id='word_1_95' title='bbox 164 995 323 1022; x_wconf 82' lang='lat' dir='ltr'><em>manus</em></span> <span class='ocrx_word' id='word_1_96' title='bbox 339 979 453 1035; x_wconf 88' lang='lat' dir='ltr'><em>fuit,</em></span> <span class='ocrx_word' id='word_1_97' title='bbox 484 981 611 1022; x_wconf 88' lang='lat' dir='ltr'><em>cuius</em></span> <span class='ocrx_word' id='word_1_98' title='bbox 631 979 831 1022; x_wconf 88' lang='lat' dir='ltr'><em>lectiones</em></span> <span class='ocrx_word' id='word_1_99' title='bbox 853 995 980 1036; x_wconf 84' lang='lat' dir='ltr'><em>saepe</em></span> <span class='ocrx_word' id='word_1_100' title='bbox 1003 985 1080 1021; x_wconf 87' lang='lat' dir='ltr'><em>aut</em></span> <span class='ocrx_word' id='word_1_101' title='bbox 1099 986 1197 1033; x_wconf 86' lang='lat' dir='ltr'><em>post</em></span> <span class='ocrx_word' id='word_1_102' title='bbox 1210 981 1382 1035; x_wconf 90' lang='lat' dir='ltr'><em>prioris</em></span> <span class='ocrx_word' id='word_1_103' title='bbox 1402 981 1565 1023; x_wconf 90' lang='lat' dir='ltr'><em>codicis</em></span> 
     </span>
     <span class='ocr_line' id='line_1_14' title="bbox 74 1036 1561 1094; baseline 0 -16"><span class='ocrx_word' id='word_1_104' title='bbox 74 1036 202 1078; x_wconf 86' lang='lat' dir='ltr'><em>verba</em></span> <span class='ocrx_word' id='word_1_105' title='bbox 231 1037 358 1078; x_wconf 87' lang='lat' dir='ltr'><em>uncis</em></span> <span class='ocrx_word' id='word_1_106' title='bbox 387 1036 567 1078; x_wconf 85' lang='lat' dir='ltr'><em>inclusit</em></span> <span class='ocrx_word' id='word_1_107' title='bbox 597 1043 675 1078; x_wconf 87' lang='lat' dir='ltr'><em>aut</em></span> <span class='ocrx_word' id='word_1_108' title='bbox 704 1038 752 1078; x_wconf 90' lang='lat' dir='ltr'><em>in</em></span> <span class='ocrx_word' id='word_1_109' title='bbox 782 1038 982 1092; x_wconf 63' lang='lat' dir='ltr'><em>margine</em></span> <span class='ocrx_word' id='word_1_110' title='bbox 1009 1037 1251 1078; x_wconf 83' lang='lat' dir='ltr'><em>annotavit.</em></span> <span class='ocrx_word' id='word_1_111' title='bbox 1291 1037 1430 1094; x_wconf 81' lang='lat' dir='ltr'><em>Atque</em></span> <span class='ocrx_word' id='word_1_112' title='bbox 1460 1036 1561 1080; x_wconf 81' lang='lat' dir='ltr'><em>dili—</em></span> 
     </span>
     <span class='ocr_line' id='line_1_15' title="bbox 70 1092 1565 1150; baseline 0.001 -16"><span class='ocrx_word' id='word_1_113' title='bbox 70 1099 220 1150; x_wconf 74' lang='lat' dir='ltr'><em>qenter</em></span> <span class='ocrx_word' id='word_1_114' title='bbox 255 1093 459 1134; x_wconf 87' lang='lat' dir='ltr'><em>instituta</em></span> <span class='ocrx_word' id='word_1_115' title='bbox 496 1092 668 1135; x_wconf 87' lang='lat' dir='ltr'><em>collatio</em></span> <span class='ocrx_word' id='word_1_116' title='bbox 707 1108 786 1135; x_wconf 89' lang='lat' dir='ltr'><em>nos</em></span> <span class='ocrx_word' id='word_1_117' title='bbox 817 1093 976 1146; x_wconf 87' lang='lat' dir='ltr'><em>docuit,</em></span> <span class='ocrx_word' id='word_1_118' title='bbox 1016 1092 1130 1134; x_wconf 84' lang='lat' dir='ltr'><em>hunc</em></span> <span class='ocrx_word' id='word_1_119' title='bbox 1162 1092 1345 1135; x_wconf 82' lang='lat' dir='ltr'><em>alteru-m</em></span> <span class='ocrx_word' id='word_1_120' title='bbox 1382 1094 1565 1136; x_wconf 86' lang='lat' dir='ltr'><em>Pistorii</em></span> 
     </span>
     <span class='ocr_line' id='line_1_16' title="bbox 71 1148 1565 1205; baseline 0.001 -14"><span class='ocrx_word' id='word_1_121' title='bbox 71 1148 260 1192; x_wconf 84' lang='lat' dir='ltr'><em>codicem</em></span> <span class='ocrx_word' id='word_1_122' title='bbox 288 1149 468 1191; x_wconf 85' lang='lat' dir='ltr'><em>eundem</em></span> <span class='ocrx_word' id='word_1_123' title='bbox 485 1148 648 1204; x_wconf 85' lang='lat' dir='ltr'><em>fuisse,</em></span> <span class='ocrx_word' id='word_1_124' title='bbox 680 1164 733 1191; x_wconf 72' lang='lat' dir='ltr'><em>ew</em></span> <span class='ocrx_word' id='word_1_125' title='bbox 762 1164 843 1205; x_wconf 83' lang='lat' dir='ltr'><em>quo</em></span> <span class='ocrx_word' id='word_1_126' title='bbox 870 1148 1147 1191; x_wconf 81' lang='lat' dir='ltr'><em>C&#39;ontinuatio</em></span> <span class='ocrx_word' id='word_1_127' title='bbox 1168 1149 1415 1192; x_wconf 88' lang='lat' dir='ltr'><em>Zwetlensis</em></span> <span class='ocrx_word' id='word_1_128' title='bbox 1446 1150 1565 1193; x_wconf 85' lang='lat' dir='ltr'><em>chro-</em></span> 
     </span>
     <span class='ocr_line' id='line_1_17' title="bbox 74 1204 1563 1262; baseline 0.001 -15"><span class='ocrx_word' id='word_1_129' title='bbox 74 1205 166 1247; x_wconf 91' lang='lat' dir='ltr'><em>nici</em></span> <span class='ocrx_word' id='word_1_130' title='bbox 194 1204 470 1258; x_wconf 86' lang='lat' dir='ltr'><em>Mellicensis,</em></span> <span class='ocrx_word' id='word_1_131' title='bbox 501 1221 612 1262; x_wconf 81' lang='lat' dir='ltr'><em>quae</em></span> <span class='ocrx_word' id='word_1_132' title='bbox 650 1220 703 1247; x_wconf 73' lang='lat' dir='ltr'><em>ew</em></span> <span class='ocrx_word' id='word_1_133' title='bbox 740 1206 937 1260; x_wconf 86' lang='lat' dir='ltr'><em>Wiponis</em></span> <span class='ocrx_word' id='word_1_134' title='bbox 967 1205 1097 1262; x_wconf 71' lang='lat' dir='ltr'><em>yestis</em></span> <span class='ocrx_word' id='word_1_135' title='bbox 1128 1207 1372 1262; x_wconf 73' lang='lat' dir='ltr'><em>exscripsit,</em></span> <span class='ocrx_word' id='word_1_136' title='bbox 1404 1207 1563 1249; x_wconf 85' lang='lat' dir='ltr'><em>hausit.</em></span> 
     </span>
     <span class='ocr_line' id='line_1_18' title="bbox 77 1259 1565 1310; baseline 0.002 -7"><span class='ocrx_word' id='word_1_137' title='bbox 77 1259 219 1310; x_wconf 83' lang='lat' dir='ltr'><em>Quam</em></span> <span class='ocrx_word' id='word_1_138' title='bbox 247 1262 613 1304; x_wconf 84' lang='lat' dir='ltr'><em>continuationem</em></span> <span class='ocrx_word' id='word_1_139' title='bbox 638 1262 987 1304; x_wconf 87' lang='lat' dir='ltr'><em>Wattenbachius</em></span> <span class='ocrx_word' id='word_1_140' title='bbox 1017 1267 1213 1303; x_wconf 85' lang='lat' dir='ltr'><em>nostrum</em></span> <span class='ocrx_word' id='word_1_141' title='bbox 1241 1263 1289 1304; x_wconf 90' lang='lat' dir='ltr'><em>in</em></span> <span class='ocrx_word' id='word_1_142' title='bbox 1311 1278 1440 1305; x_wconf 86' lang='lat' dir='ltr'><em>usum</em></span> <span class='ocrx_word' id='word_1_143' title='bbox 1470 1279 1565 1306; x_wconf 88' lang='lat' dir='ltr'><em>cum</em></span> 
     </span>
     <span class='ocr_line' id='line_1_19' title="bbox 71 1317 1564 1375; baseline 0.001 -15"><span class='ocrx_word' id='word_1_144' title='bbox 71 1318 216 1360; x_wconf 88' lang='lat' dir='ltr'><em>codice</em></span> <span class='ocrx_word' id='word_1_145' title='bbox 245 1317 468 1361; x_wconf 87' lang='lat' dir='ltr'><em>Zwetlensi</em></span> <span class='ocrx_word' id='word_1_146' title='bbox 495 1319 554 1360; x_wconf 92' lang='lat' dir='ltr'><em>N.</em></span> <span class='ocrx_word' id='word_1_147' title='bbox 585 1317 667 1360; x_wconf 79' lang='grc'><em>255</em></span> <span class='ocrx_word' id='word_1_148' title='bbox 697 1318 877 1360; x_wconf 86' lang='lat' dir='ltr'><em>contulit</em></span> <span class='ocrx_word' id='word_1_149' title='bbox 906 1319 1158 1360; x_wconf 81' lang='lat' dir='ltr'><em>accuratius</em></span> <span class='ocrx_word' id='word_1_150' title='bbox 1187 1334 1317 1375; x_wconf 89' lang='lat' dir='ltr'><em>quam</em></span> <span class='ocrx_word' id='word_1_151' title='bbox 1347 1320 1564 1374; x_wconf 73' lang='lat' dir='ltr'><em>Frustius,</em></span> 
     </span>
    </p>

    <p class='ocr_par' dir='ltr' id='par_1_5' title="bbox 99 1374 1563 1487">
     <span class='ocr_line' id='line_1_20' title="bbox 99 1374 1563 1431; baseline 0.003 -15"><span class='ocrx_word' id='word_1_152' title='bbox 99 1377 149 1418; x_wconf 88' lang='lat' dir='ltr'><em>ui</em></span> <span class='ocrx_word' id='word_1_153' title='bbox 178 1376 270 1418; x_wconf 85' lang='lat' dir='ltr'><em>eius</em></span> <span class='ocrx_word' id='word_1_154' title='bbox 299 1374 498 1417; x_wconf 89' lang='lat' dir='ltr'><em>lectiones</em></span> <span class='ocrx_word' id='word_1_155' title='bbox 528 1398 531 1402; x_wconf 77' lang='lat'><em>,</em></span> <span class='ocrx_word' id='word_1_156' title='bbox 560 1377 719 1418; x_wconf 87' lang='lat' dir='ltr'><em>rimum</em></span> <span class='ocrx_word' id='word_1_157' title='bbox 742 1374 915 1431; x_wconf 85' lang='lat' dir='ltr'><em>publici</em></span> <span class='ocrx_word' id='word_1_158' title='bbox 943 1376 1057 1416; x_wconf 81' lang='lat' dir='ltr'><em>iuris</em></span> <span class='ocrx_word' id='word_1_159' title='bbox 1073 1375 1227 1431; x_wconf 84' lang='lat' dir='ltr'><em>fecit².</em></span> <span class='ocrx_word' id='word_1_160' title='bbox 1277 1376 1370 1418; x_wconf 90' lang='lat' dir='ltr'><em>Nos</em></span> <span class='ocrx_word' id='word_1_161' title='bbox 1401 1377 1563 1420; x_wconf 85' lang='lat' dir='ltr'><em>codicis</em></span> 
     </span>
     <span class='ocr_line' id='line_1_21' title="bbox 107 1391 1315 1487; baseline -0.001 -13"><span class='ocrx_word' id='word_1_162' title='bbox 107 1430 317 1474; x_wconf 86' lang='lat' dir='ltr'><em>wetlensis</em></span> <span class='ocrx_word' id='word_1_163' title='bbox 346 1391 597 1474; x_wconf 56' lang='lat' dir='ltr'><em>lectioniffus</em></span> <span class='ocrx_word' id='word_1_164' title='bbox 627 1431 794 1474; x_wconf 84' lang='lat' dir='ltr'><em>litteras</em></span> <span class='ocrx_word' id='word_1_165' title='bbox 824 1431 964 1473; x_wconf 85' lang='lat' dir='ltr'><em>Zwetl.</em></span> <span class='ocrx_word' id='word_1_166' title='bbox 987 1432 1315 1487; x_wconf 85' lang='lat' dir='ltr'><em>praemisimus.</em></span> 
     </span>
    </p>

    <p class='ocr_par' dir='ltr' id='par_1_6' title="bbox 188 1486 1493 1545">
     <span class='ocr_line' id='line_1_22' title="bbox 188 1486 1493 1545; baseline 0.001 -15"><span class='ocrx_word' id='word_1_167' title='bbox 188 1486 360 1544; x_wconf 82' lang='lat' dir='ltr'><em>Capitis</em></span> <span class='ocrx_word' id='word_1_168' title='bbox 390 1487 533 1530; x_wconf 84' lang='lat' dir='ltr'><em>ultimi</em></span> <span class='ocrx_word' id='word_1_169' title='bbox 562 1503 709 1530; x_wconf 83' lang='lat' dir='ltr'><em>versus</em></span> <span class='ocrx_word' id='word_1_170' title='bbox 739 1489 900 1545; x_wconf 77' lang='lat' dir='ltr'><em>viqinti</em></span> <span class='ocrx_word' id='word_1_171' title='bbox 921 1490 1099 1543; x_wconf 87' lang='lat' dir='ltr'><em>priores</em></span> <span class='ocrx_word' id='word_1_172' title='bbox 1128 1489 1418 1531; x_wconf 85' lang='lat' dir='ltr'><em>inveniuntur</em></span> <span class='ocrx_word' id='word_1_173' title='bbox 1445 1490 1493 1532; x_wconf 89' lang='lat' dir='ltr'><em>in</em></span> 
     </span>
    </p>

    <p class='ocr_par' dir='ltr' id='par_1_7' title="bbox 183 1542 1562 1602">
     <span class='ocr_line' id='line_1_23' title="bbox 183 1542 1562 1602; baseline 0.002 -17"><span class='ocrx_word' id='word_1_174' title='bbox 183 1543 228 1599; x_wconf 87' lang='lat'><em>3)</em></span> <span class='ocrx_word' id='word_1_175' title='bbox 277 1542 320 1586; x_wconf 85' lang='lat' dir='ltr'><em>C.</em></span> <span class='ocrx_word' id='word_1_176' title='bbox 357 1545 658 1586; x_wconf 87' lang='lat' dir='ltr'><em>universitatis</em></span> <span class='ocrx_word' id='word_1_177' title='bbox 702 1544 1093 1601; x_wconf 75' lang='lat' dir='ltr'><em>Cantabriqiensis,</em></span> <span class='ocrx_word' id='word_1_178' title='bbox 1134 1545 1304 1590; x_wconf 87' lang='lat' dir='ltr'><em>membr.</em></span> <span class='ocrx_word' id='word_1_179' title='bbox 1344 1561 1455 1589; x_wconf 89' lang='lat' dir='ltr'><em>saec.</em></span> <span class='ocrx_word' id='word_1_180' title='bbox 1487 1547 1562 1602; x_wconf 95' lang='lat' dir='ltr'><em>XI,</em></span> 
     </span>
    </p>
   </div>
   <div class='ocr_carea' id='block_1_3' title="bbox 70 1600 1565 1810">
    <p class='ocr_par' dir='ltr' id='par_1_8' title="bbox 70 1600 1565 1810">
     <span class='ocr_line' id='line_1_24' title="bbox 70 1600 1565 1698; baseline 0.002 -56"><span class='ocrx_word' id='word_1_181' title='bbox 70 1614 194 1698; x_wconf 49' lang='lat' dir='ltr'><em>‘qluem</em></span> <span class='ocrx_word' id='word_1_182' title='bbox 233 1606 437 1642; x_wconf 88' lang='lat' dir='ltr'><em>accurate</em></span> <span class='ocrx_word' id='word_1_183' title='bbox 477 1601 708 1655; x_wconf 88' lang='lat' dir='ltr'><em>descripsit</em></span> <span class='ocrx_word' id='word_1_184' title='bbox 745 1600 864 1656; x_wconf 79' lang='lat' dir='ltr'><em>Jaffe&#39;</em></span> <span class='ocrx_word' id='word_1_185' title='bbox 898 1602 948 1643; x_wconf 90' lang='lat' dir='ltr'><em>in</em></span> <span class='ocrx_word' id='word_1_186' title='bbox 989 1602 1179 1656; x_wconf 87' lang='lat' dir='ltr'><em>Haupt’s</em></span> <span class='ocrx_word' id='word_1_187' title='bbox 1209 1602 1459 1660; x_wconf 78' lang='lat' dir='ltr'><em>Zeitschrift</em></span> <span class='ocrx_word' id='word_1_188' title='bbox 1475 1604 1565 1659; x_wconf 74' lang='lat' dir='ltr'><em>fiir</em></span> 
     </span>
     <span class='ocr_line' id='line_1_25' title="bbox 101 1655 900 1713; baseline 0.001 -16"><span class='ocrx_word' id='word_1_189' title='bbox 101 1656 292 1698; x_wconf 87' lang='lat' dir='ltr'><em>eutsches</em></span> <span class='ocrx_word' id='word_1_190' title='bbox 321 1655 561 1699; x_wconf 79' lang='lat' dir='ltr'><em>Alterthum</em></span> <span class='ocrx_word' id='word_1_191' title='bbox 589 1657 701 1711; x_wconf 85' lang='lat' dir='ltr'><em>XIV,</em></span> <span class='ocrx_word' id='word_1_192' title='bbox 724 1673 774 1713; x_wconf 89' lang='lat' dir='ltr'><em>p.</em></span> <span class='ocrx_word' id='word_1_193' title='bbox 803 1657 900 1699; x_wconf 80' lang='lat'><em>451.</em></span> 
     </span>
     <span class='ocr_line' id='line_1_26' title="bbox 182 1712 1561 1810; baseline 0.003 -56"><span class='ocrx_word' id='word_1_194' title='bbox 182 1713 228 1769; x_wconf 89' lang='grc'><em>4)</em></span> <span class='ocrx_word' id='word_1_195' title='bbox 263 1712 305 1755; x_wconf 83' lang='lat' dir='ltr'><em>C.</em></span> <span class='ocrx_word' id='word_1_196' title='bbox 322 1714 442 1810; x_wconf 59' lang='lat' dir='ltr'><em>rqqio</em></span> <span class='ocrx_word' id='word_1_197' title='bbox 458 1713 741 1755; x_wconf 72' lang='lat' dir='ltr'><em>Bruxellensi</em></span> <span class='ocrx_word' id='word_1_198' title='bbox 753 1714 811 1755; x_wconf 89' lang='lat' dir='ltr'><em>N.</em></span> <span class='ocrx_word' id='word_1_199' title='bbox 823 1713 946 1766; x_wconf 85' lang='grc'>5540,</span> <span class='ocrx_word' id='word_1_200' title='bbox 962 1714 1130 1755; x_wconf 88' lang='lat' dir='ltr'><em>membr.</em></span> <span class='ocrx_word' id='word_1_201' title='bbox 1147 1730 1260 1756; x_wconf 88' lang='lat' dir='ltr'><em>saec.</em></span> <span class='ocrx_word' id='word_1_202' title='bbox 1272 1716 1346 1757; x_wconf 90' lang='lat' dir='ltr'><em>XI.</em></span> <span class='ocrx_word' id='word_1_203' title='bbox 1363 1717 1451 1758; x_wconf 84' lang='lat' dir='ltr'><em>sive</em></span> <span class='ocrx_word' id='word_1_204' title='bbox 1461 1716 1561 1772; x_wconf 86' lang='lat' dir='ltr'><em>XII,</em></span> 
     </span>
    </p>
   </div>
   <div class='ocr_carea' id='block_1_4' title="bbox 69 1770 1561 1937">
    <p class='ocr_par' dir='ltr' id='par_1_9' title="bbox 69 1770 1561 1937">
     <span class='ocr_line' id='line_1_27' title="bbox 70 1770 1196 1827; baseline 0 -16"><span class='ocrx_word' id='word_1_205' title='bbox 70 1783 194 1824; x_wconf 87' lang='lat' dir='ltr'><em>quem</em></span> <span class='ocrx_word' id='word_1_206' title='bbox 216 1775 322 1824; x_wconf 90' lang='lat' dir='ltr'><em>post</em></span> <span class='ocrx_word' id='word_1_207' title='bbox 386 1771 564 1812; x_wconf 81' lang='lat' dir='ltr'><em>ertzium</em></span> <span class='ocrx_word' id='word_1_208' title='bbox 593 1770 773 1812; x_wconf 85' lang='lat' dir='ltr'><em>contulit</em></span> <span class='ocrx_word' id='word_1_209' title='bbox 801 1770 1038 1826; x_wconf 78' lang='lat' dir='ltr'><em>Philippus</em></span> <span class='ocrx_word' id='word_1_210' title='bbox 1067 1770 1196 1827; x_wconf 82' lang='lat' dir='ltr'><em>Jaffe&#39;.</em></span> 
     </span>
     <span class='ocr_line' id='line_1_28' title="bbox 183 1824 1561 1882; baseline 0.003 -14"><span class='ocrx_word' id='word_1_211' title='bbox 183 1824 485 1882; x_wconf 83' lang='lat' dir='ltr'><em>Sequentia</em></span> <span class='ocrx_word' id='word_1_212' title='bbox 572 1827 700 1868; x_wconf 88' lang='lat' dir='ltr'><em>asch</em></span> <span class='ocrx_word' id='word_1_213' title='bbox 714 1826 826 1869; x_wconf 89' lang='lat' dir='ltr'><em>alis</em></span> <span class='ocrx_word' id='word_1_214' title='bbox 874 1827 997 1869; x_wconf 89' lang='lat' dir='ltr'><em>nobis</em></span> <span class='ocrx_word' id='word_1_215' title='bbox 1041 1833 1216 1869; x_wconf 82' lang='lat' dir='ltr'><em>servata</em></span> <span class='ocrx_word' id='word_1_216' title='bbox 1265 1834 1325 1869; x_wconf 91' lang='lat' dir='ltr'><em>est</em></span> <span class='ocrx_word' id='word_1_217' title='bbox 1370 1830 1420 1870; x_wconf 91' lang='lat' dir='ltr'><em>in</em></span> <span class='ocrx_word' id='word_1_218' title='bbox 1460 1829 1561 1873; x_wconf 83' lang='lat' dir='ltr'><em>Cod.</em></span> 
     </span>
     <span class='ocr_line' id='line_1_29' title="bbox 69 1842 1561 1937; baseline 0.004 -15"><span class='ocrx_word' id='word_1_219' title='bbox 69 1879 351 1924; x_wconf 75' lang='lat' dir='ltr'><em>bibliothecae</em></span> <span class='ocrx_word' id='word_1_220' title='bbox 367 1842 663 1925; x_wconf 47' lang='lat' dir='ltr'><em>Einsidljensis</em></span> <span class='ocrx_word' id='word_1_221' title='bbox 681 1883 739 1924; x_wconf 94' lang='lat' dir='ltr'><em>N.</em></span> <span class='ocrx_word' id='word_1_222' title='bbox 756 1882 852 1937; x_wconf 83' lang='lat'><em>366,</em></span> <span class='ocrx_word' id='word_1_223' title='bbox 872 1883 1104 1925; x_wconf 86' lang='lat' dir='ltr'><em>membran.</em></span> <span class='ocrx_word' id='word_1_224' title='bbox 1122 1898 1232 1926; x_wconf 87' lang='lat' dir='ltr'><em>saec.</em></span> <span class='ocrx_word' id='word_1_225' title='bbox 1249 1884 1350 1926; x_wconf 90' lang='lat' dir='ltr'><em>XII.</em></span> <span class='ocrx_word' id='word_1_226' title='bbox 1395 1885 1561 1929; x_wconf 87' lang='lat' dir='ltr'><em>Nomen</em></span> 
     </span>
    </p>
   </div>
   <div class='ocr_carea' id='block_1_5' title="bbox 55 1937 1561 2675">
    <p class='ocr_par' dir='ltr' id='par_1_10' title="bbox 78 1937 1561 1995">
     <span class='ocr_line' id='line_1_30' title="bbox 78 1937 1561 1995; baseline 0.003 -14"><span class='ocrx_word' id='word_1_227' title='bbox 78 1937 276 1993; x_wconf 76' lang='lat' dir='ltr'><em>Wiponis</em></span> <span class='ocrx_word' id='word_1_228' title='bbox 304 1937 459 1981; x_wconf 84' lang='lat' dir='ltr'><em>litteris</em></span> <span class='ocrx_word' id='word_1_229' title='bbox 487 1939 634 1981; x_wconf 87' lang='lat' dir='ltr'><em>rubris</em></span> <span class='ocrx_word' id='word_1_230' title='bbox 665 1941 856 1982; x_wconf 90' lang='lat' dir='ltr'><em>carmini</em></span> <span class='ocrx_word' id='word_1_231' title='bbox 879 1941 1173 1995; x_wconf 85' lang='lat' dir='ltr'><em>praemissum</em></span> <span class='ocrx_word' id='word_1_232' title='bbox 1204 1946 1274 1982; x_wconf 87' lang='lat' dir='ltr'><em>est.</em></span> <span class='ocrx_word' id='word_1_233' title='bbox 1324 1942 1482 1984; x_wconf 85' lang='lat' dir='ltr'><em>Edidit</em></span> <span class='ocrx_word' id='word_1_234' title='bbox 1509 1958 1561 1985; x_wconf 74' lang='lat' dir='ltr'><em>ew</em></span> 
     </span>
    </p>

    <p class='ocr_par' dir='ltr' id='par_1_11' title="bbox 70 1994 1559 2054">
     <span class='ocr_line' id='line_1_31' title="bbox 70 1994 1559 2054; baseline 0.004 -19"><span class='ocrx_word' id='word_1_235' title='bbox 70 1994 148 2036; x_wconf 85' lang='lat' dir='ltr'><em>hoc</em></span> <span class='ocrx_word' id='word_1_236' title='bbox 177 1995 322 2037; x_wconf 89' lang='lat' dir='ltr'><em>codice</em></span> <span class='ocrx_word' id='word_1_237' title='bbox 351 1995 404 2037; x_wconf 90' lang='lat' dir='ltr'><em>A.</em></span> <span class='ocrx_word' id='word_1_238' title='bbox 437 1994 692 2052; x_wconf 76' lang='lat' dir='ltr'><em>Schubiqer,</em></span> <span class='ocrx_word' id='word_1_239' title='bbox 723 1996 809 2039; x_wconf 90' lang='lat' dir='ltr'><em>Die</em></span> <span class='ocrx_word' id='word_1_240' title='bbox 838 1996 1160 2053; x_wconf 73' lang='lat' dir='ltr'><em>Sanqerschule</em></span> <span class='ocrx_word' id='word_1_241' title='bbox 1190 2012 1274 2039; x_wconf 85' lang='lat' dir='ltr'><em>von</em></span> <span class='ocrx_word' id='word_1_242' title='bbox 1305 1996 1367 2039; x_wconf 84' lang='lat' dir='ltr'><em>St.</em></span> <span class='ocrx_word' id='word_1_243' title='bbox 1391 1997 1559 2054; x_wconf 79' lang='lat' dir='ltr'><em>Gallen,</em></span> 
     </span>
    </p>

    <p class='ocr_par' dir='ltr' id='par_1_12' title="bbox 67 2050 1561 2110">
     <span class='ocr_line' id='line_1_32' title="bbox 67 2050 1561 2110; baseline 0.004 -18"><span class='ocrx_word' id='word_1_244' title='bbox 67 2050 284 2107; x_wconf 75' lang='lat' dir='ltr'><em>Eoeempla</em></span> <span class='ocrx_word' id='word_1_245' title='bbox 306 2066 356 2107; x_wconf 89' lang='lat' dir='ltr'><em>p.</em></span> <span class='ocrx_word' id='word_1_246' title='bbox 386 2050 453 2105; x_wconf 81' lang='lat'><em>59,</em></span> <span class='ocrx_word' id='word_1_247' title='bbox 493 2053 542 2093; x_wconf 90' lang='lat' dir='ltr'><em>in</em></span> <span class='ocrx_word' id='word_1_248' title='bbox 580 2067 662 2109; x_wconf 88' lang='lat' dir='ltr'><em>quo</em></span> <span class='ocrx_word' id='word_1_249' title='bbox 702 2052 812 2094; x_wconf 88' lang='lat' dir='ltr'><em>libro</em></span> <span class='ocrx_word' id='word_1_250' title='bbox 850 2053 933 2094; x_wconf 89' lang='lat' dir='ltr'><em>tab.</em></span> <span class='ocrx_word' id='word_1_251' title='bbox 959 2053 1071 2094; x_wconf 93' lang='lat' dir='ltr'><em>VIII.</em></span> <span class='ocrx_word' id='word_1_252' title='bbox 1103 2059 1282 2110; x_wconf 76' lang='lat' dir='ltr'><em>ectypon</em></span> <span class='ocrx_word' id='word_1_253' title='bbox 1314 2056 1561 2110; x_wconf 82' lang='lat' dir='ltr'><em>scripturae</em></span> 
     </span>
    </p>

    <p class='ocr_par' dir='ltr' id='par_1_13' title="bbox 66 2108 1561 2221">
     <span class='ocr_line' id='line_1_33' title="bbox 66 2108 1561 2221; baseline 0.005 -73"><span class='ocrx_word' id='word_1_254' title='bbox 66 2112 392 2221; x_wconf 45' lang='lat' dir='ltr'><em>{ghq‘leuyffym</em></span> <span class='ocrx_word' id='word_1_255' title='bbox 422 2108 615 2150; x_wconf 90' lang='lat' dir='ltr'><em>habetur.</em></span> <span class='ocrx_word' id='word_1_256' title='bbox 666 2109 913 2165; x_wconf 82' lang='lat' dir='ltr'><em>Descripsit</em></span> <span class='ocrx_word' id='word_1_257' title='bbox 932 2115 1108 2152; x_wconf 89' lang='lat' dir='ltr'><em>nostrae</em></span> <span class='ocrx_word' id='word_1_258' title='bbox 1129 2111 1344 2152; x_wconf 83' lang='lat' dir='ltr'><em>societatis</em></span> <span class='ocrx_word' id='word_1_259' title='bbox 1363 2112 1412 2153; x_wconf 91' lang='lat' dir='ltr'><em>in</em></span> <span class='ocrx_word' id='word_1_260' title='bbox 1435 2127 1561 2155; x_wconf 89' lang='lat' dir='ltr'><em>usum</em></span> 
     </span>
     <span class='ocr_line' id='line_1_34' title="bbox 133 2179 340 2205; baseline 0 0"><span class='ocrx_word' id='word_1_261' title='bbox 133 2179 148 2205; x_wconf 77' lang='lat' dir='ltr'>z</span> <span class='ocrx_word' id='word_1_262' title='bbox 169 2195 178 2205; x_wconf 84' lang='lat'><em>.</em></span> <span class='ocrx_word' id='word_1_263' title='bbox 243 2179 270 2205; x_wconf 90' lang='lat' dir='ltr'><em>a</em></span> <span class='ocrx_word' id='word_1_264' title='bbox 306 2179 340 2205; x_wconf 91' lang='lat' dir='ltr'><em>e.</em></span> 
     </span>
    </p>

    <p class='ocr_par' dir='ltr' id='par_1_14' title="bbox 55 2220 1561 2675">
     <span class='ocr_line' id='line_1_35' title="bbox 179 2220 1559 2279; baseline 0.005 -18"><span class='ocrx_word' id='word_1_265' title='bbox 179 2220 472 2263; x_wconf 88' lang='lat' dir='ltr'><em>Proverbia</em></span> <span class='ocrx_word' id='word_1_266' title='bbox 510 2221 708 2277; x_wconf 88' lang='lat' dir='ltr'><em>Wiponis</em></span> <span class='ocrx_word' id='word_1_267' title='bbox 735 2223 934 2279; x_wconf 88' lang='lat' dir='ltr'><em>primum</em></span> <span class='ocrx_word' id='word_1_268' title='bbox 964 2223 1080 2264; x_wconf 86' lang='lat' dir='ltr'><em>edita</em></span> <span class='ocrx_word' id='word_1_269' title='bbox 1112 2228 1238 2264; x_wconf 86' lang='lat' dir='ltr'><em>erant</em></span> <span class='ocrx_word' id='word_1_270' title='bbox 1267 2238 1295 2264; x_wconf 90' lang='lat' dir='ltr'><em>a</em></span> <span class='ocrx_word' id='word_1_271' title='bbox 1325 2223 1559 2268; x_wconf 88' lang='lat' dir='ltr'><em>Bernardo</em></span> 
     </span>
     <span class='ocr_line' id='line_1_36' title="bbox 67 2275 1560 2335; baseline 0.004 -18"><span class='ocrx_word' id='word_1_272' title='bbox 67 2275 191 2318; x_wconf 85' lang='lat' dir='ltr'><em>Pezio</em></span> <span class='ocrx_word' id='word_1_273' title='bbox 213 2278 260 2318; x_wconf 91' lang='lat' dir='ltr'><em>in</em></span> <span class='ocrx_word' id='word_1_274' title='bbox 283 2277 499 2319; x_wconf 84' lang='lat' dir='ltr'><em>Thesauri</em></span> <span class='ocrx_word' id='word_1_275' title='bbox 519 2278 824 2320; x_wconf 86' lang='lat' dir='ltr'><em>anecdotorum</em></span> <span class='ocrx_word' id='word_1_276' title='bbox 847 2280 892 2320; x_wconf 90' lang='lat' dir='ltr'><em>T.</em></span> <span class='ocrx_word' id='word_1_277' title='bbox 917 2278 982 2320; x_wconf 89' lang='lat' dir='ltr'><em>VI.</em></span> <span class='ocrx_word' id='word_1_278' title='bbox 1004 2294 1083 2334; x_wconf 90' lang='lat' dir='ltr'><em>ope</em></span> <span class='ocrx_word' id='word_1_279' title='bbox 1107 2278 1207 2321; x_wconf 87' lang='lat' dir='ltr'><em>Cod.</em></span> <span class='ocrx_word' id='word_1_280' title='bbox 1231 2280 1560 2335; x_wconf 73' lang='lat' dir='ltr'><em>Teyernseensis</em></span> 
     </span>
     <span class='ocr_line' id='line_1_37' title="bbox 68 2332 1559 2388; baseline 0.004 -14"><span class='ocrx_word' id='word_1_281' title='bbox 68 2346 178 2375; x_wconf 85' lang='lat' dir='ltr'><em>saec.</em></span> <span class='ocrx_word' id='word_1_282' title='bbox 195 2332 295 2387; x_wconf 89' lang='lat' dir='ltr'><em>XII,</em></span> <span class='ocrx_word' id='word_1_283' title='bbox 324 2339 427 2387; x_wconf 86' lang='lat' dir='ltr'><em>tum,</em></span> <span class='ocrx_word' id='word_1_284' title='bbox 460 2336 652 2377; x_wconf 85' lang='lat' dir='ltr'><em>auctoris</em></span> <span class='ocrx_word' id='word_1_285' title='bbox 681 2337 853 2378; x_wconf 88' lang='lat' dir='ltr'><em>nomine</em></span> <span class='ocrx_word' id='word_1_286' title='bbox 884 2335 1048 2388; x_wconf 89' lang='lat' dir='ltr'><em>addito,</em></span> <span class='ocrx_word' id='word_1_287' title='bbox 1081 2351 1122 2377; x_wconf 88' lang='lat' dir='ltr'><em>a.</em></span> <span class='ocrx_word' id='word_1_288' title='bbox 1146 2334 1266 2377; x_wconf 86' lang='lat'><em>1733.</em></span> <span class='ocrx_word' id='word_1_289' title='bbox 1289 2351 1317 2377; x_wconf 88' lang='lat' dir='ltr'><em>a</em></span> <span class='ocrx_word' id='word_1_290' title='bbox 1338 2336 1559 2380; x_wconf 86' lang='lat' dir='ltr'><em>Martenio</em></span> 
     </span>
     <span class='ocr_line' id='line_1_38' title="bbox 69 2388 1560 2436; baseline 0.005 -8"><span class='ocrx_word' id='word_1_291' title='bbox 69 2393 108 2429; x_wconf 92' lang='lat' dir='ltr'><em>et</em></span> <span class='ocrx_word' id='word_1_292' title='bbox 133 2388 354 2432; x_wconf 86' lang='lat' dir='ltr'><em>Durando</em></span> <span class='ocrx_word' id='word_1_293' title='bbox 386 2391 434 2432; x_wconf 88' lang='lat' dir='ltr'><em>in</em></span> <span class='ocrx_word' id='word_1_294' title='bbox 464 2391 616 2433; x_wconf 88' lang='lat' dir='ltr'><em>Novae</em></span> <span class='ocrx_word' id='word_1_295' title='bbox 647 2391 908 2434; x_wconf 85' lang='lat' dir='ltr'><em>collectionis</em></span> <span class='ocrx_word' id='word_1_296' title='bbox 937 2398 1308 2434; x_wconf 81' lang='lat' dir='ltr'><em>monumentorum</em></span> <span class='ocrx_word' id='word_1_297' title='bbox 1340 2393 1475 2434; x_wconf 89' lang='lat' dir='ltr'><em>T.IX.</em></span> <span class='ocrx_word' id='word_1_298' title='bbox 1507 2408 1560 2436; x_wconf 78' lang='lat' dir='ltr'><em>ea:</em></span> 
     </span>
     <span class='ocr_line' id='line_1_39' title="bbox 71 2443 1561 2506; baseline 0.004 -20"><span class='ocrx_word' id='word_1_299' title='bbox 71 2443 174 2487; x_wconf 82' lang='lat' dir='ltr'><em>C&#39;od.</em></span> <span class='ocrx_word' id='word_1_300' title='bbox 221 2447 468 2488; x_wconf 86' lang='lat' dir='ltr'><em>Trevirensi</em></span> <span class='ocrx_word' id='word_1_301' title='bbox 519 2462 628 2490; x_wconf 89' lang='lat' dir='ltr'><em>saec.</em></span> <span class='ocrx_word' id='word_1_302' title='bbox 673 2448 798 2500; x_wconf 88' lang='lat' dir='ltr'><em>XIII,</em></span> <span class='ocrx_word' id='word_1_303' title='bbox 851 2463 1035 2505; x_wconf 82' lang='lat' dir='ltr'><em>quorum</em></span> <span class='ocrx_word' id='word_1_304' title='bbox 1084 2448 1312 2490; x_wconf 85' lang='lat' dir='ltr'><em>editionem</em></span> <span class='ocrx_word' id='word_1_305' title='bbox 1361 2452 1561 2506; x_wconf 86' lang='lat' dir='ltr'><em>repetivit</em></span> 
     </span>
     <span class='ocr_line' id='line_1_40' title="bbox 65 2500 1560 2559; baseline 0.005 -17"><span class='ocrx_word' id='word_1_306' title='bbox 65 2500 300 2543; x_wconf 84' lang='lat' dir='ltr'><em>Fabricius</em></span> <span class='ocrx_word' id='word_1_307' title='bbox 339 2504 388 2545; x_wconf 92' lang='lat' dir='ltr'><em>in</em></span> <span class='ocrx_word' id='word_1_308' title='bbox 418 2503 689 2546; x_wconf 87' lang='lat' dir='ltr'><em>Bibliotheca</em></span> <span class='ocrx_word' id='word_1_309' title='bbox 727 2505 894 2547; x_wconf 87' lang='lat' dir='ltr'><em>mediae</em></span> <span class='ocrx_word' id='word_1_310' title='bbox 931 2511 970 2547; x_wconf 89' lang='lat' dir='ltr'><em>et</em></span> <span class='ocrx_word' id='word_1_311' title='bbox 1007 2504 1181 2559; x_wconf 82' lang='lat' dir='ltr'><em>infimae</em></span> <span class='ocrx_word' id='word_1_312' title='bbox 1211 2505 1469 2548; x_wconf 87' lang='lat' dir='ltr'><em>Latinitatis</em></span> <span class='ocrx_word' id='word_1_313' title='bbox 1500 2507 1560 2549; x_wconf 88' lang='lat' dir='ltr'><em>ad</em></span> 
     </span>
     <span class='ocr_line' id='line_1_41' title="bbox 55 2555 1557 2618; baseline 0.005 -19"><span class='ocrx_word' id='word_1_314' title='bbox 55 2555 194 2612; x_wconf 84' lang='lat' dir='ltr'><em>finem</em></span> <span class='ocrx_word' id='word_1_315' title='bbox 229 2557 334 2600; x_wconf 87' lang='lat' dir='ltr'><em>libri</em></span> <span class='ocrx_word' id='word_1_316' title='bbox 368 2561 497 2602; x_wconf 87' lang='lat' dir='ltr'><em>tertii.</em></span> <span class='ocrx_word' id='word_1_317' title='bbox 555 2560 710 2602; x_wconf 89' lang='lat' dir='ltr'><em>Postea</em></span> <span class='ocrx_word' id='word_1_318' title='bbox 739 2561 1033 2618; x_wconf 88' lang='lat' dir='ltr'><em>Hoffmannus</em></span> <span class='ocrx_word' id='word_1_319' title='bbox 1061 2560 1432 2604; x_wconf 86' lang='lat' dir='ltr'><em>Fallerslebiensis</em></span> <span class='ocrx_word' id='word_1_320' title='bbox 1461 2563 1557 2606; x_wconf 82' lang='lat' dir='ltr'><em>sub-</em></span> 
     </span>
     <span class='ocr_line' id='line_1_42' title="bbox 66 2613 1556 2675; baseline 0.004 -20"><span class='ocrx_word' id='word_1_321' title='bbox 66 2614 183 2656; x_wconf 86' lang='lat' dir='ltr'><em>sidio</em></span> <span class='ocrx_word' id='word_1_322' title='bbox 223 2613 355 2657; x_wconf 89' lang='lat' dir='ltr'><em>Codd.</em></span> <span class='ocrx_word' id='word_1_323' title='bbox 386 2614 688 2659; x_wconf 83' lang='lat' dir='ltr'><em>Florianensis</em></span> <span class='ocrx_word' id='word_1_324' title='bbox 722 2623 760 2659; x_wconf 90' lang='lat' dir='ltr'><em>et</em></span> <span class='ocrx_word' id='word_1_325' title='bbox 790 2618 1052 2660; x_wconf 88' lang='lat' dir='ltr'><em>Mellicensis</em></span> <span class='ocrx_word' id='word_1_326' title='bbox 1090 2617 1142 2659; x_wconf 84' lang='lat'><em>78</em></span> <span class='ocrx_word' id='word_1_327' title='bbox 1180 2632 1329 2660; x_wconf 88' lang='lat' dir='ltr'><em>versus</em></span> <span class='ocrx_word' id='word_1_328' title='bbox 1366 2619 1556 2675; x_wconf 83' lang='lat' dir='ltr'><em>edidit³;</em></span> 
     </span>
    </p>
   </div>
   <div class='ocr_carea' id='block_1_6' title="bbox 63 2763 1555 2911">
    <p class='ocr_par' dir='ltr' id='par_1_15' title="bbox 63 2763 1555 2911">
     <span class='ocr_line' id='line_1_43' title="bbox 170 2763 1555 2814; baseline 0.006 -17"><span class='ocrx_word' id='word_1_329' title='bbox 170 2763 207 2808; x_wconf 92' lang='lat'><em>1)</em></span> <span class='ocrx_word' id='word_1_330' title='bbox 229 2764 281 2810; x_wconf 75' lang='lat' dir='ltr'><em>Cf.</em></span> <span class='ocrx_word' id='word_1_331' title='bbox 293 2765 527 2809; x_wconf 84' lang='lat' dir='ltr'><em>Wattenbach‚</em></span> <span class='ocrx_word' id='word_1_332' title='bbox 541 2766 732 2812; x_wconf 76' lang='lat' dir='ltr'><em>Anleituny</em></span> <span class='ocrx_word' id='word_1_333' title='bbox 749 2780 813 2802; x_wconf 81' lang='lat' dir='ltr'><em>zur</em></span> <span class='ocrx_word' id='word_1_334' title='bbox 828 2769 889 2802; x_wconf 88' lang='lat' dir='ltr'><em>lat.</em></span> <span class='ocrx_word' id='word_1_335' title='bbox 909 2769 1192 2814; x_wconf 76' lang='lat' dir='ltr'><em>Palae09²·aphie</em></span> <span class='ocrx_word' id='word_1_336' title='bbox 1204 2781 1244 2813; x_wconf 87' lang='lat' dir='ltr'><em>p.</em></span> <span class='ocrx_word' id='word_1_337' title='bbox 1262 2770 1324 2810; x_wconf 86' lang='lat'><strong>19‚·</strong></span> <span class='ocrx_word' id='word_1_338' title='bbox 1346 2771 1390 2802; x_wconf 83' lang='lat'><em>55</em></span> <span class='ocrx_word' id='word_1_339' title='bbox 1406 2771 1460 2804; x_wconf 85' lang='lat' dir='ltr'><em>ed.</em></span> <span class='ocrx_word' id='word_1_340' title='bbox 1476 2783 1555 2806; x_wconf 83' lang='lat' dir='ltr'><em>nov.</em></span> 
     </span>
     <span class='ocr_line' id='line_1_44' title="bbox 67 2811 1554 2864; baseline 0.006 -19"><span class='ocrx_word' id='word_1_341' title='bbox 67 2811 105 2855; x_wconf 80' lang='lat'><em>2)</em></span> <span class='ocrx_word' id='word_1_342' title='bbox 123 2811 255 2848; x_wconf 84' lang='lat' dir='ltr'><em>Archiv</em></span> <span class='ocrx_word' id='word_1_343' title='bbox 263 2816 333 2859; x_wconf 76' lang='lat' dir='ltr'><em>fiir</em></span> <span class='ocrx_word' id='word_1_344' title='bbox 348 2815 478 2850; x_wconf 86' lang='lat' dir='ltr'><em>Kunde</em></span> <span class='ocrx_word' id='word_1_345' title='bbox 496 2817 794 2851; x_wconf 73' lang='lat' dir='ltr'><em>osterreichischer</em></span> <span class='ocrx_word' id='word_1_346' title='bbox 808 2817 1144 2862; x_wconf 70' lang='lat' dir='ltr'><em>Geschichtsquellen</em></span> <span class='ocrx_word' id='word_1_347' title='bbox 1160 2818 1213 2859; x_wconf 88' lang='lat' dir='ltr'><em>II,</em></span> <span class='ocrx_word' id='word_1_348' title='bbox 1232 2817 1337 2860; x_wconf 85' lang='lat'><em>1849,</em></span> <span class='ocrx_word' id='word_1_349' title='bbox 1349 2831 1385 2862; x_wconf 91' lang='lat' dir='ltr'><em>p.</em></span> <span class='ocrx_word' id='word_1_350' title='bbox 1401 2820 1471 2851; x_wconf 82' lang='lat'><em>414</em></span> <span class='ocrx_word' id='word_1_351' title='bbox 1482 2832 1554 2864; x_wconf 85' lang='lat' dir='ltr'><em>sqq.</em></span> 
     </span>
     <span class='ocr_line' id='line_1_45' title="bbox 63 2861 1431 2911; baseline 0.004 -17"><span class='ocrx_word' id='word_1_352' title='bbox 63 2861 102 2904; x_wconf 86' lang='lat'><em>3)</em></span> <span class='ocrx_word' id='word_1_353' title='bbox 127 2862 254 2907; x_wconf 85' lang='lat' dir='ltr'><em>Haupt</em></span> <span class='ocrx_word' id='word_1_354' title='bbox 280 2865 355 2898; x_wconf 85' lang='lat' dir='ltr'><em>und</em></span> <span class='ocrx_word' id='word_1_355' title='bbox 379 2865 586 2909; x_wconf 84' lang='lat' dir='ltr'><em>Hoffmann,</em></span> <span class='ocrx_word' id='word_1_356' title='bbox 610 2865 833 2902; x_wconf 82' lang='lat' dir='ltr'><em>Altdeutsche</em></span> <span class='ocrx_word' id='word_1_357' title='bbox 859 2867 996 2902; x_wconf 64' lang='lat' dir='ltr'><em>Blatter</em></span> <span class='ocrx_word' id='word_1_358' title='bbox 1024 2867 1128 2909; x_wconf 83' lang='lat'><em>1836,</em></span> <span class='ocrx_word' id='word_1_359' title='bbox 1158 2868 1189 2910; x_wconf 87' lang='grc' dir='ltr'><em>Ι,</em></span> <span class='ocrx_word' id='word_1_360' title='bbox 1211 2879 1250 2911; x_wconf 88' lang='lat' dir='ltr'><em>p.</em></span> <span class='ocrx_word' id='word_1_361' title='bbox 1279 2868 1431 2901; x_wconf 80' lang='lat'><em>12—14.</em></span> 
     </span>
    </p>
   </div>
  </div>
 </body>
</html>
