1864 3250
308 268 355 300 40
639 268 850 302 WIPONIS
877 268 1031 303 GESTA
1059 269 1345 304 CHUONRADI
1371 269 1470 302 IMP.

209 393 482 433 1035.V01'um;
512 379 625 420 unde
657 379 831 434 quidam
869 380 921 422 de
949 382 1104 423 nostris
1136 382 1351 438 quoddam
1381 381 1642 424 breviarium
1671 384 1801 426 versi-

310 434 390 476 fice
419 434 533 487 fecit,
572 435 687 490 quod
720 442 870 491 postea
898 437 1143 492 imperatori
1182 439 1479 493 praesentavit.
1538 438 1607 481 Ibi
1635 438 1800 495 legitur,

313 489 493 546 qualiter
521 491 752 546 imperator
790 492 1003 534 interdum
1032 494 1076 534 in
1105 492 1335 549 paludibus
1365 508 1501 551 usque
1530 493 1690 536 femora
1719 501 1801 538 sta-

310 546 404 599 bat,
445 560 643 602 pugnans
688 547 780 602 ipse
825 555 866 590 et
896 548 1125 590 exhortans
1168 549 1322 591 milites
1365 556 1412 591 ut
1454 557 1715 606 pugnarent,
1760 557 1803 594 et

310 601 435 644 victis
464 616 520 657 pa
553 603 646 643 anis
676 604 800 644 nimis
822 604 978 646 acriter
997 603 1238 646 trucidabat
1258 619 1329 646 eos
1349 620 1427 661 pro
1450 605 1635 662 quadam
1656 621 1802 663 super-

313 657 482 699 stitione
511 657 681 699 ilorum
711 659 1027 703 nefandissima.
1086 661 1198 702 Nam
1227 661 1376 714 fertur,
1406 667 1454 703 ut
1483 661 1670 718 quodam
1698 669 1802 705 tem-

311 727 415 769 pore
450 713 635 769 effigiem
679 713 863 770 ligneam
909 716 1104 758 crucifixi
1144 716 1306 758 domini
1344 717 1478 758 nostri
1514 717 1614 759 Iesu
1643 717 1803 761 Christi

313 768 516 810 scelerato
546 768 731 812 ludibrio
761 771 1009 814 habuissent
1038 773 1215 828 pagani,
1247 779 1288 814 et
1315 773 1359 813 in
1389 787 1482 815 eam
1513 780 1716 829 spuerent
1743 781 1804 817 at-

315 839 398 881 que
420 823 610 881 colaphis
633 826 878 881 caederent3
900 828 955 869 ad
976 836 1215 871 extremum
1237 827 1381 871 oculos
1403 828 1621 883 eruebant,
1651 844 1804 872 manus

314 887 356 923 et
384 880 516 936 pedes
546 883 813 925 truncabant.
872 883 993 926 Haec
1028 883 1236 926 ulciscens
1275 885 1526 940 imperator,
1571 885 1624 927 de
1667 886 1803 942 captis

313 938 494 992 paganis
546 939 781 980 maximam
831 939 1145 982 multitudinem
1193 954 1270 996 pro
1319 955 1404 982 una
1453 940 1594 997 effigie
1644 940 1804 984 Christi

314 991 442 1033 simili
486 992 613 1034 modo
660 995 873 1037 truncavit
923 1003 964 1038 et
1007 997 1126 1038 varia-
1170 1002 1306 1039 morte
1336 995 1502 1038 delevit.
1561 996 1728 1039 Idcirco
1758 998 1804 1040 in

313 1047 475 1090 eisdem
505 1049 701 1091 versibus
733 1065 879 1093 caesar
908 1052 1019 1094 ultor
1047 1052 1148 1094 fidei
1166 1059 1359 1106 vocatur,
1390 1058 1431 1095 et
1459 1052 1662 1095 Romanis
1690 1054 1803 1109 prin-

312 1104 479 1159 cipibus
509 1105 606 1146 Tito
639 1113 680 1148 et
698 1107 963 1162 Vespasiano
996 1114 1278 1165 comparatur,
1309 1109 1381 1165 qui
1410 1109 1455 1149 in
1483 1107 1686 1151 ultionem
1715 1109 1804 1152 Do-

311 1160 416 1200 mini
460 1161 633 1215 triginta
661 1162 844 1204 Iudaeos
888 1179 966 1220 pro
997 1179 1082 1205 uno
1103 1179 1277 1206 nummo
1300 1170 1675 1219 commutaverant,
1706 1180 1805 1207 cum

313 1215 463 1257 Iudaei
480 1215 698 1259 Christum
729 1233 807 1274 pro
828 1220 1006 1262 totidem
1027 1220 1210 1262 denariis
1232 1220 1501 1263 vendiderint
1512 1228 1542 1262 ³.
1591 1221 1805 1264 Reversus

318 1272 574 1326 imperator,
621 1274 826 1330 quicquid
857 1275 1064 1318 obstaculi
1107 1277 1151 1317 in
1195 1291 1326 1332 regno
1355 1277 1535 1330 invenit,
1578 1277 1805 1332 imperiose

314 1326 492 1370 disiecit.
573 1329 739 1371 Eodem
784 1345 895 1373 anno
941 1331 1157 1374 Adalbero
1202 1332 1292 1374 dux
1338 1332 1676 1375 Carantanorum
1727 1334 1804 1375 im-

312 1384 518 1438 peratoris
563 1386 745 1441 gratiam
788 1387 990 1442 perdens,
1035 1388 1237 1431 ducatum
1273 1389 1436 1430 amisit¹
1481 1395 1522 1430 et
1554 1389 1599 1430 in
1628 1387 1804 1431 exilium

310 1439 464 1481 missus
496 1447 570 1483 est.

562 1538 628 1581 34.
688 1539 764 1581 De
796 1541 1178 1584 coniuratione
1208 1540 1559 1583 Italorumb-z.

423 1605 532 1647 Item
577 1607 727 1650 eodem
772 1614 963 1664 tempore
1007 1623 1163 1664 magna
1199 1615 1240 1650 et
1283 1609 1497 1651 modernis
1540 1610 1804 1665 temporibus

310 1661 503 1704 inaudita
533 1664 723 1705 confusio
754 1663 868 1706 facta
889 1670 952 1706 est
970 1664 1132 1718 Italiae,
1162 1671 1338 1721 propter
1364 1666 1674 1708 coniurationes
1697 1680 1804 1722 quas

309 1716 470 1759 fecerat
498 1718 683 1775 populus
706 1727 853 1762 contra
872 1721 1102 1776 principes.
1164 1721 1501 1763 Coniuraverant
1521 1723 1634 1763 enim
1655 1735 1804 1765 omnes

156 1786 204 1823 ·p.
227 1791 294 1817 272.
309 1773 578 1816 *valvasores
598 1775 746 1818 Italiae
777 1783 818 1818 et
837 1777 1022 1832 gregarii
1042 1776 1221 1819 milites³
1249 1777 1452 1819 adversus
1474 1777 1668 1819 dominos
1688 1792 1800 1830 suos,

310 1835 352 1870 et
383 1844 529 1872 omnes
560 1832 744 1874 minores
775 1840 921 1875 contra
950 1833 1144 1887 maiores,
1175 1840 1222 1875 ut
1250 1847 1336 1875 non
1366 1838 1612 1889 paterentur
1640 1833 1803 1891 aliquid

309 1885 393 1927 sibi
421 1886 605 1928 inultum
635 1888 829 1931 accidere
858 1903 883 1930 a
913 1888 1096 1930 dominis
1127 1889 1213 1930 suis
1244 1903 1373 1944 supra
1400 1888 1661 1931 voluntatem
1689 1890 1802 1947 ipso-

308 1956 418 1994 rum,
449 1942 652 1997 dicentes,
684 1945 720 1985 si
749 1945 983 2000 imperator
1011 1959 1156 1986 eorum
1187 1944 1316 1986 nollet
1345 1946 1503 1999 venire,
1537 1946 1620 2001 ipsi
1650 1960 1727 2002 per
1756 1961 1803 1989 se

307 1996 445 2053 legem
477 1998 648 2042 sibimet
675 2000 874 2042 facerent.
933 2001 1030 2042 Hoc
1070 2015 1166 2042 cum
1203 2001 1451 2042 nunciatum
1482 2007 1594 2043 esset
1620 2002 1803 2058 impera-

309 2054 402 2108 tori,
433 2053 566 2096 fertur
595 2055 779 2097 dixisse:
811 2056 871 2098 <Si
901 2056 1024 2098 Italia
1052 2057 1180 2098 modo
1211 2057 1342 2099 esurit
1370 2057 1523 2112 legem,

500 2109 771 2154 Concedente
800 2112 896 2154 Deo
926 2113 1035 2154 bene
1064 2111 1231 2167 legibus
1262 2113 1371 2154 hanc
1400 2111 1608 2156 statiabo'.

206 2176 293 2203 1036.
307 2164 364 2207 Et
414 2180 674 2222 praeparans
717 2183 762 2210 se
806 2183 917 2210 anno
958 2169 1152 2224 sequenti
1214 2169 1381 2210 Italiam
1424 2183 1522 2210 cum
1561 2168 1696 2225 copiis
1737 2165 1802 2210 ih-

306 2223 448 2264 travit.
521 2224 690 2266 Interea
725 2225 941 2280 principes
979 2224 1116 2266 Italici
1160 2224 1270 2266 male
1311 2230 1561 2281 conceptam
1605 2226 1799 2267 coniura-

306 2278 466 2320 tionem
486 2279 726 2334 periculum
748 2295 951 2336 generare
971 2295 1098 2337 posse
1124 2282 1323 2334 scientes,
1355 2287 1644 2323 convenerunt
1671 2280 1798 2324 simul

309 2347 406 2375 cum
445 2335 701 2390 minoribus,
753 2342 795 2378 et
836 2337 955 2392 prius
1001 2336 1365 2379 exhortationibus
1410 2343 1453 2379 et
1489 2335 1675 2379 consiliis
1714 2336 1798 2380 hoc

305 2403 453 2432 recens
490 2391 651 2433 malum
695 2392 912 2435 destruere
956 2392 1240 2447 conabantur3
1290 2407 1386 2435 cum
1422 2392 1503 2434 hoc
1535 2407 1621 2434 non
1649 2407 1799 2450 proce-

307 2444 436 2500 deret,
466 2449 735 2504 temptabant
764 2447 875 2491 bello
906 2463 1126 2504 superare;
1159 2448 1233 2491 sed
1262 2449 1366 2491 inito
1395 2448 1558 2504 praelio
1582 2449 1796 2492 minorum

305 2501 564 2545 incredibilis
617 2504 845 2546 multitudo
900 2504 988 2546 sola
1038 2505 1315 2562 impressione
1364 2512 1630 2547 catervarum
1677 2505 1799 2547 vicit.

304 2556 372 2599 Ibi
403 2561 629 2616 episcopus
659 2561 881 2603 Astensis4
915 2560 1092 2617 indigna
1130 2562 1335 2603 statione-'⁹
1367 2561 1514 2618 periit,
1550 2561 1705 2603 caeteri
1733 2560 1806 2603 fii--

425 2641 454 2676 a)
476 2644 684 2670 vendiderunt
706 2646 732 2672 1.
814 2643 846 2678 b)
867 2645 1018 2678 inscriptio
1039 2645 1114 2671 deest
1137 2646 1163 2672 1.

432 2707 464 2746 1)
495 2706 547 2750 Cf.
574 2719 687 2751 supra
713 2720 743 2743 c.
772 2709 829 2743 21.
856 2709 898 2742 P.
1001 2707 1039 2752 2)
1073 2708 1126 2752 Of.
1153 2707 1294 2753 Arnulfi
1316 2714 1416 2753 qesta
1441 2709 1621 2753 archiepp.
1649 2708 1797 2744 Mediol.

304 2753 359 2796 H,
381 2755 444 2795 10;
472 2754 539 2788 SS.
575 2755 677 2798 VIII,
698 2769 740 2800 p.
767 2759 823 2791 14.
854 2758 910 2790 15.
937 2757 977 2791 P.
1103 2757 1142 2801 3)
1172 2757 1223 2801 Cf.
1250 2758 1393 2792 Alouini
1418 2770 1472 2802 ep.
1501 2759 1582 2792 174.
1609 2758 1664 2792 ed.
1690 2757 1799 2802 Jaffe,

302 2803 525 2837 Bibliotheca
559 2805 619 2846 VI,
649 2806 739 2839 623:
779 2808 962 2850 gregarios
988 2806 1026 2839 id
1054 2811 1108 2840 est
1130 2807 1308 2850 ignobiles
1335 2808 1466 2841 milites
1493 2812 1524 2841 ει
1557 2805 1677 2849 ΠΤαὶίκ,
1712 2807 1797 2841 Ver·

292 2853 660 2898 faseunqsyeschickte
695 2854 734 2897 V,
754 2855 836 2890 439.
940 2855 980 2898 4)
1006 2853 1160 2890 Acricus.
1261 2857 1298 2899 5)
1325 2857 1348 2890 i.
1376 2867 1405 2890 e.
1431 2855 1469 2889 in
1488 2855 1636 2899 proelio.
1662 2855 1704 2891 P.
