1864 3250
556 218 765 253 WIPONIS
791 219 1082 254 PROVERBIA.
1295 216 1300 229 ¹
1538 194 1591 257 ⁴55

259 335 448 397 Oportet
477 345 629 374 cavere
658 331 892 374 vanitatem
905 338 922 358 ³
951 331 1110 374 videre.

201 385 290 430 Cor
317 386 508 429 moendit
536 386 685 429 oculus
697 388 728 441 ¹³,
758 394 807 430 ut
836 386 1044 444 stipulas⁰
1073 386 1282 430 foculus1.

119 454 167 487 75
200 442 313 486 Volu
346 449 412 485 tas
441 457 527 485 non
555 444 649 485 visa
679 444 813 485 cicius
844 444 936 485 estd
967 442 1082 485 elisa.

201 499 288 553 Qui
331 498 497 542 ibenter
524 499 686 542 bonum
716 499 847 554 audit,
879 499 1007 541 corde
1037 499 1163 541 Deoe
1194 499 1373 555 plaudit.

199 554 381 599 Meliusf
410 562 499 598 estg
527 570 763 612 pauperem
792 555 940 597 audire
971 569 1100 612 quam
1130 557 1346 598 sonitum¹1
1374 556 1489 599 lirei.

119 622 171 656 78
199 612 422 654 Incassum
451 612 629 654 miseros
658 611 790 666 audit,
821 612 895 668 qui
925 626 971 653 os
1002 618 1043 654 et
1071 626 1246 653 manum
1277 611 1448 656 claudit.

227 667 397 725 Lingua
425 667 647 724 placabilis
675 667 792 724 ligno
822 668 937 710 vitae
968 675 1033 710 est
1043 668 1063 695 Ι(
1095 668 1396 724 comparabilis
1411 670 1433 711 ¹.

198 723 370 781 Lingua
397 723 547 766 dolosa
576 732 779 780 semperm
810 731 875 766 est
905 723 1065 766 odiosa.

118 791 165 825 81
202 780 288 833 Qui
316 779 506 837 loquitur
534 779 740 834 modeste,
769 779 879 823 liber
908 787 998 822 estn
1028 794 1054 821 a
1083 787 1216 836 peste.

200 836 356 878 Manus
387 837 478 878 sine
509 851 636 893 opere
666 836 954 879 mendicabit⁰
983 851 1181 893 propere,

200 893 407 935 Manuum
437 890 606 934 labores
636 899 853 948 praestant
882 892 1063 935 honores
1077 900 1111 944 Ρ.

117 958 170 992 84
202 949 291 1002 Qui
322 948 483 990 bonum
515 957 727 1005 operatur,
757 963 784 990 a
812 948 909 991 Deo
940 948 1259 991 benedicatur‘l.

258 1005 408 1047 *Beati
436 1004 582 1061 pedes,
614 1005 688 1060 qui
716 1005 916 1047 visitantr
950 1004 1244 1046 infirmorumS
1274 1005 1389 1047 edes.
1607 1021 1658 1055 ἰ).
1679 1022 1750 1049 24⁷.

201 1060 312 1104 Cum
343 1060 440 1102 Deo
470 1060 690 1103 ambulare
722 1068 786 1103 est
814 1063 1026 1103 animamt
1058 1060 1261 1103 salvareu.

117 1127 168 1160 87
202 1117 288 1170 Qui
317 1117 472 1172 migrat
501 1117 555 1159 ad
585 1123 803 1159 aeternam
835 1117 993 1166 sedem,
1024 1132 1111 1159 non
1141 1117 1318 1160 offendit
1346 1119 1516 1175 pedem.

199 1173 401 1230 Iniquum
431 1178 496 1215 est
525 1172 608 1215 obv
638 1172 894 1215 beneficium
923 1172 1102 1216 reddere
1133 1173 1408 1230 supplicium.

201 1228 288 1282 Qui
316 1228 459 1271 reddit
487 1228 647 1271 malum
678 1244 756 1285 pro
786 1229 900 1272 bono
912 1238 953 1284 W,
984 1229 1186 1285 indignus
1215 1235 1280 1272 est
1310 1229 1515 1272 dono¹·².

118 1295 170 1330 90
199 1285 356 1327 Bono?
386 1286 558 1327 vincere
587 1284 701 1326 mala
730 1291 795 1327 est
823 1285 879 1327 ad
909 1284 1100 1328 caelumz
1132 1285 1283 1328 scala*.

256 1352 424 1400 Mundi
455 1359 727 1410 contemptus
758 1367 783 1394 a
811 1353 908 1396 Deo
939 1359 1003 1396 est
1032 1354 1244 1397 inventus.

200 1409 288 1462 Qui
307 1417 423 1452 amat
443 1409 650 1451 mundum
670 1417 954 1466 praesentem,
985 1411 1180 1467 sequitur
1208 1426 1298 1453 rem
1318 1411 1552 1469 fugientem
1561 1419 1592 1455 ³.

116 1475 166 1509 93
197 1464 352 1508 Melius
369 1472 433 1507 est
447 1481 680 1522 supernum
692 1466 945 1508 conciliumb
963 1481 1093 1523 quam
1106 1466 1234 1509 huius
1244 1468 1357 1510 vitae
1373 1467 1551 1511 exilium
1561 1477 1589 1511 ⁰.

201 1521 429 1577 Supernad
491 1523 600 1564 atria
628 1521 808 1578 pulchra
836 1528 952 1565 tenet
979 1524 1101 1565 atria.

196 1577 342 1620 Arvoe
375 1536 547 1620 eaellgsti
577 1585 676 1620 sunt
706 1593 875 1635 semper
903 1579 1063 1634 gaudia
1093 1579 1229 1621 festis.

115 1643 164 1678 96
197 1633 396 1676 Tendatg
426 1634 538 1676 filius
569 1641 611 1677 et
638 1634 780 1689 frater,
813 1649 898 1691 quo
926 1641 1054 1677 vocat
1082 1634 1176 1677 illos
1205 1636 1345 1678 Pater.

198 1701 343 1755 Quidh
373 1702 485 1759 fugis
517 1704 592 1745 exi
623 1702 708 1757 illo,
741 1703 843 1760 quik
874 1702 1032 1746 claudit
1061 1705 1235 1746 cunctal
1266 1704 1461 1761 pugillo?

199 1757 276 1801 0¹¹¹
307 1759 567 1816 quicumque
595 1758 705 1801 velis
735 1765 920 1802 mentem
951 1760 1238 1816 coniungeren
1269 1761 1411 1815 caelis,

197 1814 322 1867 Qua⁰
351 1815 568 1858 residentP
598 1816 699 1857 iusti
729 1821 840 1858 serto
871 1814 1111 1873 palmisque
1142 1818 1323 1871 venusti,

87 1879 166 1915 100
197 1870 351 1912 Mundi
381 1886 532 1928 sperne
562 1872 714 1926 minas,
745 1878 788 1914 et
815 1886 885 1914 res
915 1871 1025 1928 pede
1056 1872 1235 1929 subige‘l
1266 1872 1482 1917 blandasr.

202 1954 232 1988 a)
255 1956 406 1982 unitatem
427 1956 567 1982 invidere
588 1956 616 1984 4.
698 1955 730 1989 b)
761 1957 868 1983 oculos
891 1959 918 1983 1.
1000 1955 1028 1991 c)
1051 1958 1194 1983 stimulus
1215 1956 1336 1984 saculos
1359 1959 1392 1990 13
1415 1958 1531 1990 stipula
1552 1958 1589 1990 33

83 1994 231 2027 stipulam
253 1996 291 2028 5;
312 1996 432 2021 foculus
453 2003 529 2021 corr.
551 1996 671 2022 faculus
694 1997 721 2022 2.
803 1995 835 2030 d)
858 1998 917 2023 erit
939 1997 966 2022 2.
988 1997 1016 2022 4.
1039 1993 1087 2024 41³.
1110 1997 1153 2023 40.
1179 1997 1207 2024 5.
1232 1998 1259 2026 7.
1276 1998 1321 2024 11.
1387 1995 1416 2030 e)
1438 1997 1540 2023 Deum
1552 1997 1586 2029 5;

81 2034 152 2061 Deo
173 2035 206 2061 in
228 2035 319 2060 corde
333 2036 378 2061 11.
442 2033 466 2068 f)
488 2037 606 2067 prestat
626 2043 656 2068 p.
680 2042 709 2062 a.
730 2036 758 2061 4.
782 2032 829 2062 4¹³.
852 2037 895 2062 40.
919 2038 1011 2068 prffit
1033 2037 1061 2062 3.
1123 2035 1154 2069 g)
1177 2037 1251 2062 deest
1274 2037 1299 2062 ⁷.
1362 2036 1395 2071 h)
1417 2043 1528 2062 sonum
1550 2037 1588 2068 23

82 2074 127 2099 hic
147 2081 247 2100 verme
267 2075 300 2100 in
322 2076 357 2100 11
379 2075 446 2100 talis
474 2078 533 2100 est:
565 2075 625 2106 Qui
647 2077 707 2101 stat
736 2078 951 2108 paupertatem
983 2075 1102 2109 audire,
1133 2076 1220 2101 audit
1248 2076 1337 2108 quasi
1364 2077 1499 2102 sonitum
1521 2076 1588 2102 lire.

83 2111 106 2146 i)
129 2109 176 2140 4¹³.
199 2114 243 2140 40.
265 2114 310 2139 hic
331 2114 461 2139 addunt.-
492 2114 559 2139 Deo
592 2120 724 2146 namque
745 2115 914 2149 feneratur,
946 2115 999 2147 qui
1026 2116 1158 2147 pauperi
1187 2115 1360 2142 miseretur.
1402 2116 1525 2148 Reliqua
1546 2115 1587 2140 ibi

82 2153 202 2186 desum,-
224 2155 241 2180 2
263 2154 307 2179 hic
327 2154 445 2179 inserit:
468 2154 534 2179 Deo
556 2153 727 2187 feneratur,
750 2155 803 2185 qui
823 2155 955 2187 pauperi
976 2155 1149 2181 miseretur.
1218 2153 1251 2188 k)
1273 2155 1347 2180 deest
1369 2156 1397 2182 2.
1469 2153 1492 2188 1)
1515 2162 1587 2180 eon-

82 2193 213 2228 spabilis
235 2194 261 2219 1.
344 2191 386 2225 m)
415 2193 557 2218 omnibus
579 2195 626 2218 est
649 2194 701 2225 103
724 2196 769 2219 est
788 2194 862 2219 decet
885 2195 930 2221 11.
1014 2193 1046 2226 n)
1080 2194 1139 2220 erit
1161 2194 1188 2220 2.
1272 2193 1303 2228 ο)
1336 2194 1537 2219 manducabit
1560 2195 1586 2221 2.

81 2230 115 2265 p)
137 2239 248 2258 manus
269 2232 308 2258 ad
330 2232 471 2258 laborem
491 2234 629 2264 praestat
648 2232 798 2259 honorem
820 2234 866 2259 10.
947 2231 978 2266 q)
1002 2235 1123 2258 amatur
1143 2233 1178 2264 4;
1201 2233 1244 2258 hic
1265 2234 1368 2258 desinit
1385 2234 1412 2260 8.
1494 2231 1522 2266 r)
1542 2233 1586 2259 in-

82 2273 166 2297 stant
185 2279 262 2297 corr.
284 2272 411 2297 visitant
434 2274 460 2297 1.
531 2270 558 2303 s)
577 2278 749 2304 pauperum
770 2273 794 2298 1.
867 2271 891 2305 t)
914 2274 999 2303 griffi
1021 2272 1048 2298 3.
1118 2271 1151 2305 u)
1174 2279 1299 2299 servare
1319 2280 1396 2298 corr.
1419 2273 1541 2299 salvare
1557 2274 1584 2300 1.

82 2309 114 2344 v)
137 2311 176 2336 ad
198 2312 225 2336 1.
287 2309 327 2344 w)
351 2311 435 2336 malo
455 2312 485 2337 4.
555 2310 587 2344 x)
610 2311 644 2336 in
665 2311 792 2343 don013
814 2312 875 2337 Dei
896 2312 977 2337 dono
995 2313 1028 2343 2;
1050 2312 1117 2337 Deo
1139 2313 1167 2338 4,
1193 2313 1219 2339 7.
1285 2310 1317 2346 y)
1341 2312 1434 2338 Scala
1456 2312 1586 2344 erigitur

82 2350 116 2375 in
138 2350 251 2384 celum,
283 2357 352 2376 cum
380 2351 413 2376 in
441 2350 524 2376 bono
553 2350 689 2376 vincitur
716 2351 831 2376 malum
855 2352 880 2378 7.
961 2349 989 2384 z)
1024 2352 1063 2377 ad
1084 2358 1109 2378 c.
1132 2354 1178 2377 est
1201 2351 1228 2377 3.
1250 2352 1279 2378 4.
1302 2351 1330 2378 5.
1354 2352 1402 2378 11.
1485 2349 1509 2385 ⁸)
1541 2352 1586 2377 hic

82 2389 187 2415 desinit
200 2391 226 2415 1·
288 2388 319 2422 a)
341 2397 367 2416 s.
380 2389 589 2422 refugientem
612 2389 640 2416 3.
703 2388 735 2423 b)
759 2390 922 2416 consilium
944 2391 971 2417 5.
1035 2389 1063 2424 c)
1086 2391 1238 2417 auxilium
1259 2391 1286 2417 5.
1351 2389 1382 2423 d)
1405 2391 1440 2417 P.
1464 2393 1484 2416 t.
1508 2398 1536 2417 a.
1560 2398 1585 2418 s.

82 2435 112 2461 p.
134 2428 162 2456 5.
233 2427 262 2461 e)
285 2436 360 2454 auro
383 2429 411 2456 5.
481 2428 505 2462 f)
527 2436 629 2454 versus
644 2429 717 2454 deest
740 2430 773 2455 in
795 2430 821 2454 2.
840 2430 870 2457 ,4.
895 2430 929 2462 ⁷3
949 2430 1070 2456 habetur
1086 2433 1154 2462 post
1175 2437 1288 2456 ver-mm
1308 2433 1469 2463 sequentem
1490 2431 1522 2456 in
1543 2430 1560 2456 5
1573 2438 1585 2462 ‚-

82 2468 134 2493 hoc
154 2468 216 2494 loco
243 2468 384 2494 inseritur
409 2469 441 2494 in
464 2469 497 2501 3,·
527 2469 614 2494 codex
635 2469 654 2494 4
688 2472 755 2501 poet
783 2470 876 2495 Pater
908 2470 1071 2502 subiungit.-
1102 2469 1259 2496 Adhereat
1280 2471 1389 2501 lingua
1410 2476 1479 2495 mea
1501 2470 1585 2496 sauci

82 2514 181 2540 meae,
212 2507 239 2532 si
266 2515 329 2534 non
359 2510 486 2540 propter
511 2515 566 2534 vos
593 2508 626 2534 in
651 2509 751 2540 princ.
777 2509 829 2534 let.
871 2509 949 2536 Vale
966 2510 1074 2535 valens
1099 2510 1226 2540 longum
1255 2510 1362 2536 valeas
1383 2509 1496 2541 gaudio
1527 2516 1585 2541 per

82 2554 183 2574 evum.
222 2547 332 2574 Amen.
375 2547 450 2573 Cum
483 2547 608 2573 domino
640 2548 835 2574 dominorum
866 2549 898 2573 in
927 2555 1023 2580 regno
1056 2549 1224 2574 caelorum.
1308 2548 1339 2582 g)
1370 2549 1470 2574 tendit
1499 2549 1526 2575 2.
1556 2548 1584 2574 5.

81 2584 114 2619 h)
137 2587 178 2618 qd
199 2586 227 2612 3.
309 2585 332 2619 i)
358 2587 396 2612 ab
419 2586 446 2612 7.
525 2586 557 2620 k)
580 2587 654 2612 deest
676 2587 704 2614 3.
785 2587 806 2622 l)
829 2590 922 2613 cunta
943 2587 972 2614 5.
1052 2587 1094 2621 m)
1118 2591 1150 2613 tu
1173 2589 1200 2614 2.
1282 2587 1316 2621 n)
1346 2589 1532 2614 convincere
1555 2587 1584 2613 3.

83 2623 114 2659 o)
136 2633 237 2651 verene
255 2626 329 2651 deest
342 2627 368 2651 2.
430 2624 462 2659 p)
484 2626 624 2652 residens
645 2626 672 2652 4.
743 2626 774 2659 q)
799 2630 923 2653 contere
942 2628 970 2653 7.
1044 2626 1070 2660 r)
1093 2627 1231 2653 blandem
1263 2628 1402 2660 Explicit
1424 2629 1581 2660 inceptum

81 2665 220 2692 referens
241 2665 406 2697 proverbia
428 2668 549 2691 centum
572 2667 605 2697 23
625 2666 741 2698 primas
762 2667 789 2691 4.

208 2726 244 2770 1)
270 2727 483 2772 Miillenlzoff
503 2732 534 2762 et
559 2728 708 2763 Scherer
733 2729 894 2772 XXVII,
924 2730 1008 2763 132:
1046 2731 1126 2764 Non
1153 2731 1258 2764 oculo
1283 2735 1369 2764 nota
1393 2741 1451 2764 res
1480 2735 1534 2764 est
1560 2741 1581 2762 a

84 2776 192 2810 corde
218 2781 365 2810 remota.
454 2778 489 2819 2)
517 2776 618 2811 otloh
636 2790 664 2811 c.
681 2777 738 2820 12,
764 2778 833 2812 Pez
852 2780 874 2812 l.
895 2779 917 2813 l.
937 2780 1028 2811 511:
1055 2779 1188 2813 Malum
1216 2790 1279 2824 pro
1306 2779 1400 2813 malo
1428 2779 1580 2812 reddere

83 2829 138 2859 est
163 2826 365 2870 humanum,
394 2827 527 2872 malum
552 2838 617 2871 pro
645 2827 739 2860 bono
764 2839 850 2861 vero
877 2828 1108 2862 diabolicum.
