1864 3250
195 377 283 404 1027.

148 705 198 742 ⁸1).
220 709 287 736 266.

183 1272 284 1306 April.

206 1721 281 1748 Mai-

297 249 343 281 28
627 250 836 285 WIPONIS
863 251 1018 285 GESTA
1045 251 1332 286 CHUONRADI
1357 253 1456 286 IMP.

297 374 427 402 causa
457 366 547 402 orta
576 367 640 403 est
676 360 827 404 seditio
864 376 1032 419 magna.
1091 362 1416 407 Contendebant
1444 364 1528 406 duo
1558 379 1638 422 pro
1668 365 1786 409 corio

297 417 435 468 bovis,
467 430 646 473 cumque
676 432 722 458 se
761 418 944 459 invicem
981 419 1136 474 pugnis
1173 419 1351 462 caedere
1387 422 1638 477 coepissent,
1673 428 1786 465 totus

298 473 511 514 exercitus
553 473 823 528 imperatoris
869 481 1104 516 commotus
1149 481 1233 529 est,
1272 482 1314 518 et
1351 477 1504 519 armati
1542 477 1707 534 equites
1743 483 1791 520 et

297 528 463 584 pedites
503 542 559 569 ex
598 536 779 585 utraque
818 535 939 584 parte
979 537 1277 573 convenerunt.
1333 531 1403 573 Ibi
1443 532 1688 575 interfectus
1723 540 1790 576 est

299 599 355 625 ex
383 589 529 625 nostra
558 591 680 639 parte
722 585 896 640 quidam
935 585 1102 628 iuvenis
1139 587 1311 628 nomine
1340 587 1639 644 Berengarius‚
1671 588 1788 632 filius

300 638 491 681 Liutoldi
521 641 687 682 comitis
718 642 771 683 de
799 639 1056 683 Alamannia
1069 651 1098 695 ¹,
1126 641 1306 684 multum
1326 642 1480 685 nobilis
1500 650 1543 686 et
1560 643 1788 688 bellicosus

299 696 439 736 nimis.
498 695 679 739 Romani
709 696 783 739 diu
801 698 1044 740 resistentes
1073 697 1154 739 *ad
1179 705 1420 740 extremum
1439 700 1541 742 victi
1558 699 1788 757 fugierunt,

300 758 342 793 et
377 751 707 795 innumerabiles
752 768 806 795 ex
842 752 925 794 illis
963 755 1189 810 perierunt.
1246 754 1486 811 Imperator
1523 770 1624 798 vero
1666 771 1790 813 prae-

301 807 463 848 dictum
494 808 714 862 iuvenem,
752 810 954 865 quoniam
992 810 1074 852 sibi
1108 809 1288 852 dilectus
1319 816 1360 853 et
1388 810 1607 854 familiaris
1635 811 1788 867 fuerat,

299 863 421 905 iuxta
450 864 661 905 tumulum
698 866 880 907 caesaris
911 865 1080 907 Ottonis
1121 865 1290 922 sepeliri
1323 867 1554 923 praecepit.
1612 868 1791 911 Postera

300 918 369 960 die
398 919 581 960 Romani
642 921 686 961 ui
717 920 967 963 seditionem
1007 928 1326 964 commoverant
1361 929 1460 965 ante
1489 923 1546 964 im
1581 930 1790 966 eratorem

299 975 531 1028 venientes,
560 990 618 1016 nu
650 976 730 1018 atis
760 976 965 1032 pedibus,
1007 977 1130 1019 liberi
1166 992 1262 1019 cum
1300 978 1426 1020 nudis
1460 978 1531 1034 gla
1564 979 1633 1034 ‘'s,
1677 980 1790 1022 servi

301 1045 399 1072 cum
428 1031 651 1087 torquibus
680 1033 877 1074 vimineis
907 1034 1021 1075 circa
1051 1032 1218 1087 collum,
1250 1034 1372 1090 quasi
1391 1034 1448 1076 ad
1468 1035 1791 1092 suspensionem

299 1088 555 1143 praeparati,
586 1096 633 1130 ut
661 1088 893 1145 imperator
921 1090 1056 1144 iussit,
1086 1090 1415 1132 satisfaciebant.

473 1192 537 1234 17.
598 1191 752 1245 Quod
781 1193 1072 1249 imperator
1099 1195 1155 1236 in
1183 1194 1437 1251 Apuliam
1465 1194 1628 1238 venit.

410 1259 545 1301 Facta
578 1260 709 1316 igitur
743 1275 850 1316 pace
879 1262 988 1304 inter
1015 1262 1231 1304 Romanos
1270 1269 1311 1304 et
1340 1263 1616 1313 Teutonicos,
1656 1263 1792 1320 impe-

298 1321 414 1357 rator
442 1317 486 1357 in
515 1315 719 1372 Apuliam
758 1318 983 1373 processit,
1024 1324 1066 1360 et
1105 1318 1483 1361 Beneventanuma
1518 1325 1560 1362 et
1594 1318 1791 1375 Capuam

298 1384 349 1412 ac
383 1371 568 1428 reliquas
609 1372 801 1415 civitates
844 1372 957 1415 illius
999 1374 1185 1430 regionis
1229 1390 1305 1417 seu
1338 1375 1383 1417 vi
1422 1374 1512 1417 sive
1550 1373 1793 1418 voluntaria.

298 1426 515 1470 deditione
545 1427 626 1470 sibi
648 1428 897 1484 subiugavit
910 1437 937 1483 ²,
968 1436 1010 1472 et
1028 1431 1316 1484 Nortmannis,
1348 1431 1420 1487 qui
1451 1430 1503 1474 de
1531 1431 1669 1487 patria
1697 1444 1792 1485 sua,

297 1487 439 1525 nescio
471 1498 556 1540 qua
584 1485 836 1527 necessitate
872 1486 1134 1542 compulsiss,
1172 1487 1216 1528 in
1244 1486 1450 1543 Apuliam
1481 1485 1791 1540 confluxerant,

298 1537 360 1581 ibi
394 1538 587 1582 habitare
630 1539 844 1583 licentiam
889 1541 1026 1596 dedit,
1071 1549 1113 1584 et
1149 1543 1206 1584 ad
1255 1542 1542 1585 defendendos
1585 1543 1791 1584 terminos

297 1595 419 1650 regni
461 1596 668 1638 adversus
713 1596 977 1639 Graecorum
1025 1600 1233 1640 versutias
1277 1613 1350 1640 eos
1393 1598 1656 1655 principibus
1700 1597 1790 1640 suis

298 1650 567 1693 coadunavit.
628 1651 805 1694 Cunctis
843 1653 972 1696 rebus
1011 1655 1091 1696 rite
1120 1661 1162 1697 et
1190 1669 1394 1711 prospere
1425 1655 1508 1697 sibi
1537 1653 1790 1697 cedentibus

296 1706 529 1763 imperator
558 1723 767 1763 reversus,
796 1710 1057 1766 praeteriens
1086 1711 1281 1764 Romam,
1315 1711 1470 1753 iterum
1498 1709 1664 1753 Italiam
1693 1723 1791 1766 per·

295 1764 473 1806 transiit.

545 1858 610 1899 18.
667 1856 747 1899 De
777 1863 1003 1914 tyranno
1033 1857 1536 1915 Thasselgardob-4.

410 1923 476 1966 Eo
504 1930 697 1981 tempore
727 1931 817 1967 erat
844 1926 890 1967 in
917 1925 1043 1968 Italia
1072 1926 1246 1983 quidam
1266 1933 1471 1983 tyrannus
1487 1924 1790 1991 Thasselgart⁰

299 1977 453 2033 dictus,
486 1981 560 2036 qui
590 1982 669 2023 sub
699 1987 891 2037 tempore
920 1981 1113 2024 Heinrici
1142 1982 1408 2038 imperatoris
1439 1981 1571 2024 multa
1598 1981 1790 2024 faemora

299 2037 512 2078 commisit
540 2037 585 2077 in
613 2051 764 2091 regno,
801 2037 877 2079 sed
904 2053 982 2094 per
1011 2038 1197 2080 marinos
1227 2053 1419 2081 recessus
1449 2045 1492 2081 et
1519 2037 1624 2080 alias
1652 2038 1790 2080 muni-

297 2091 447 2145 tiones,
479 2107 586 2148 quas
614 2092 764 2136 habuit
791 2092 902 2135 ultra
930 2093 1105 2135 modum
1125 2101 1251 2146 tutas,
1281 2094 1463 2137 caesaris
1478 2093 1674 2136 Heinrici
1724 2109 1788 2136 er-

298 2148 559 2190 secutionem
589 2155 794 2191 evaserat.
851 2149 958 2191 Erat
987 2150 1101 2192 enim
1130 2149 1285 2192 nobilis
1314 2165 1484 2206 genere,
1514 2149 1589 2192 des
1621 2149 1688 2191 ica
1718 2148 1788 2192 ilis

295 2202 342 2244 in
369 2218 566 2259 persona,
595 2205 731 2261 turpis
760 2205 806 2246 in
825 2205 1028 2260 moribus,
1058 2220 1240 2261 magnus
1264 2206 1492 2262 praedator
1510 2220 1585 2248 ecc
1602 2205 1787 2248 esiarum

298 2263 340 2300 et
386 2260 627 2302 viduarum.
693 2261 822 2303 Hunc
863 2262 1098 2319 imperator
1138 2261 1418 2304 Ohuonradus
1461 2261 1786 2317 diligentissime

416 2367 446 2402 a)
467 2369 509 2395 ita
533 2370 558 2395 1.
583 2370 618 2402 23
640 2370 853 2396 Beneventum
873 2370 965 2397 Zweel.
987 2371 1023 2404 cs.
1043 2370 1126 2403 infra
1144 2371 1227 2398 σ.37.
1288 2370 1320 2404 b)
1339 2370 1544 2402 Thasselgaro
1563 2370 1591 2399 2.
1639 2367 1667 2404 c)
1689 2369 1788 2396 'Phas-

295 2406 434 2439 selgardt
455 2409 488 2440 13
509 2408 740 2435 Tassilhardum
760 2413 842 2435 vocat
861 2410 955 2437 Zwetl.

423 2495 459 2540 1)
497 2497 639 2531 Forsan
673 2508 716 2531 επ
745 2503 846 2541 gente
879 2498 963 2539 illa,
998 2509 1089 2541 quae
1119 2503 1243 2541 postea
1273 2509 1295 2530 a
1321 2498 1459 2531 castello
1485 2496 1636 2530 Achalm
1659 2507 1786 2531 nomen

297 2545 440 2589 accepit,
468 2558 500 2579 υ.
529 2545 679 2588 Riezler,
705 2546 1052 2590 Fz'irstenberyisches
1086 2546 1367 2580 Urkundenbuch
1384 2545 1415 2588 I,
1431 2557 1472 2589 p.
1494 2547 1527 2580 7.
1628 2545 1667 2589 2)
1693 2543 1786 2579 Sall.

296 2595 379 2639 Juq.
420 2606 448 2628 c.
478 2596 535 2627 13:
595 2596 693 2629 urbis
731 2597 861 2639 partim
898 2596 934 2628 vi
972 2596 1062 2629 alias
1099 2595 1281 2629 voluntate
1319 2597 1468 2638 imperio
1506 2606 1570 2629 suo
1609 2594 1783 2637 adiungit.

298 2642 337 2686 3)
372 2643 412 2677 V.
438 2642 539 2686 infra
565 2655 592 2677 c.
619 2645 686 2677 31:
718 2645 935 2678 necessitate
964 2644 1178 2688 compulsus.
1232 2643 1282 2687 C'f.
1310 2643 1454 2678 Sueton.
1489 2643 1634 2687 Vespas.
1661 2654 1690 2677 c.
1717 2643 1786 2675 16:

295 2694 512 2726 necessitate
549 2693 765 2736 compulsus.
895 2691 936 2734 4)
974 2693 1195 2727 Memoratur
1234 2693 1463 2738 Tasselqardi
1493 2703 1586 2726 mors
1621 2690 1726 2726 etiam
1760 2702 1784 2724 α

295 2741 460 2775 Benzone
485 2741 631 2774 Albensi
654 2741 686 2782 I,
707 2743 763 2782 14,
791 2740 859 2775 SS.
885 2740 954 2782 XI,
977 2742 1058 2782 604,
1085 2740 1146 2775 ubi
1177 2739 1459 2786 Trasaleqardus
1483 2746 1643 2776 vocatur.
1692 2738 1785 2773 Eius

286 2790 360 2834 filii
384 2790 422 2823 in
448 2790 589 2823 duabus
615 2789 745 2823 chartis
770 2790 1011 2831 inveniuntur,
1040 2790 1152 2824 altera
1176 2791 1262 2824 anni
1283 2792 1388 2824 1039.
1403 2802 1462 2833 ap.
1478 2788 1666 2830 Fattescki,
1694 2786 1783 2831 Spo-

296 2839 361 2873 leto
380 2850 421 2882 p.
450 2839 532 2880 329,
561 2839 674 2872 altera
708 2850 742 2872 a.
771 2839 875 2871 1047.
901 2838 940 2871 in
966 2838 1173 2874 Documenti
1205 2839 1245 2873 di
1276 2840 1387 2874 storia
1418 2838 1580 2874 Italiam
1604 2837 1673 2879 IV,
1698 2837 1786 2871 303.
