<?xml version="1.0" encoding="UTF-8"?>
<!DOCTYPE html PUBLIC "-//W3C//DTD XHTML 1.0 Transitional//EN"
    "http://www.w3.org/TR/xhtml1/DTD/xhtml1-transitional.dtd">
<html xmlns="http://www.w3.org/1999/xhtml" xml:lang="en" lang="en">
 <head>
  <title>
</title>
<meta http-equiv="Content-Type" content="text/html;charset=utf-8" />
  <meta name='ocr-system' content='tesseract 3.04.00' />
  <meta name='ocr-capabilities' content='ocr_page ocr_carea ocr_par ocr_line ocrx_word'/>
</head>
<body>
  <div class='ocr_page' id='page_1' title='image "./gestachuonradiii00wipouoft_0053.png"; bbox 0 0 1864 3250; ppageno 0'>
   <div class='ocr_carea' id='block_1_1' title="bbox 419 264 1598 300">
    <p class='ocr_par' dir='ltr' id='par_1_1' title="bbox 419 264 1598 300">
     <span class='ocr_line' id='line_1_1' title="bbox 419 264 1598 300; baseline 0.001 -2"><span class='ocrx_word' id='word_1_1' title='bbox 419 265 630 299; x_wconf 88' lang='lat' dir='ltr'><strong>WIPONIS</strong></span> <span class='ocrx_word' id='word_1_2' title='bbox 658 264 814 299; x_wconf 82' lang='lat' dir='ltr'>GESTA</span> <span class='ocrx_word' id='word_1_3' title='bbox 842 264 1131 299; x_wconf 84' lang='lat' dir='ltr'>CHUONRADI</span> <span class='ocrx_word' id='word_1_4' title='bbox 1156 264 1257 297; x_wconf 91' lang='lat' dir='ltr'>IMP.</span> <span class='ocrx_word' id='word_1_5' title='bbox 1546 267 1598 300; x_wconf 70' lang='lat'>37</span> 
     </span>
    </p>
   </div>
   <div class='ocr_carea' id='block_1_2' title="bbox 91 375 1589 490">
    <p class='ocr_par' dir='ltr' id='par_1_2' title="bbox 91 375 1589 490">
     <span class='ocr_line' id='line_1_2' title="bbox 91 375 1589 434; baseline 0.001 -15"><span class='ocrx_word' id='word_1_6' title='bbox 91 377 160 420; x_wconf 89' lang='lat'>30.</span> <span class='ocrx_word' id='word_1_7' title='bbox 219 375 375 430; x_wconf 80' lang='lat' dir='ltr'>Quod</span> <span class='ocrx_word' id='word_1_8' title='bbox 403 377 704 433; x_wconf 88' lang='lat' dir='ltr'>imperator</span> <span class='ocrx_word' id='word_1_9' title='bbox 741 390 857 418; x_wconf 89' lang='lat' dir='ltr'>cum</span> <span class='ocrx_word' id='word_1_10' title='bbox 891 376 1017 419; x_wconf 90' lang='lat' dir='ltr'>filio</span> <span class='ocrx_word' id='word_1_11' title='bbox 1047 391 1143 419; x_wconf 91' lang='lat' dir='ltr'>suo</span> <span class='ocrx_word' id='word_1_12' title='bbox 1173 376 1433 419; x_wconf 89' lang='lat' dir='ltr'>Heinrico</span> <span class='ocrx_word' id='word_1_13' title='bbox 1463 393 1589 434; x_wconf 87' lang='lat' dir='ltr'>rege</span> 
     </span>
     <span class='ocr_line' id='line_1_3' title="bbox 554 433 1121 490; baseline 0.002 -16"><span class='ocrx_word' id='word_1_14' title='bbox 554 433 929 490; x_wconf 86' lang='lat' dir='ltr'>Burgundiam</span> <span class='ocrx_word' id='word_1_15' title='bbox 963 433 1121 475; x_wconf 88' lang='lat' dir='ltr'>adiit.</span> 
     </span>
    </p>
   </div>
   <div class='ocr_carea' id='block_1_3' title="bbox 81 499 1747 2173">
    <p class='ocr_par' dir='ltr' id='par_1_3' title="bbox 83 499 1747 1554">
     <span class='ocr_line' id='line_1_4' title="bbox 202 499 1695 557; baseline 0.001 -15"><span class='ocrx_word' id='word_1_16' title='bbox 202 499 330 543; x_wconf 91' lang='lat' dir='ltr'>Anno</span> <span class='ocrx_word' id='word_1_17' title='bbox 349 500 529 543; x_wconf 88' lang='lat' dir='ltr'>Domini</span> <span class='ocrx_word' id='word_1_18' title='bbox 552 502 673 544; x_wconf 85' lang='lat'>1033.</span> <span class='ocrx_word' id='word_1_19' title='bbox 704 502 938 557; x_wconf 84' lang='lat' dir='ltr'>imperator</span> <span class='ocrx_word' id='word_1_20' title='bbox 954 501 1238 544; x_wconf 81' lang='lat' dir='ltr'>Chuonradus</span> <span class='ocrx_word' id='word_1_21' title='bbox 1265 516 1363 544; x_wconf 91' lang='lat' dir='ltr'>cum</span> <span class='ocrx_word' id='word_1_22' title='bbox 1393 499 1481 543; x_wconf 86' lang='lat' dir='ltr'>filio</span> <span class='ocrx_word' id='word_1_23' title='bbox 1512 516 1589 544; x_wconf 89' lang='lat' dir='ltr'>suo</span> <span class='ocrx_word' id='word_1_24' title='bbox 1605 515 1695 544; x_wconf 83' lang='lat'>1033.</span> 
     </span>
     <span class='ocr_line' id='line_1_5' title="bbox 88 555 1590 614; baseline 0.001 -16"><span class='ocrx_word' id='word_1_25' title='bbox 88 570 191 613; x_wconf 83' lang='lat' dir='ltr'>rege</span> <span class='ocrx_word' id='word_1_26' title='bbox 219 555 425 599; x_wconf 87' lang='lat' dir='ltr'>Heinrico</span> <span class='ocrx_word' id='word_1_27' title='bbox 470 556 654 599; x_wconf 86' lang='lat' dir='ltr'>natalem</span> <span class='ocrx_word' id='word_1_28' title='bbox 683 557 862 599; x_wconf 88' lang='lat' dir='ltr'>Domini</span> <span class='ocrx_word' id='word_1_29' title='bbox 904 559 950 599; x_wconf 92' lang='lat' dir='ltr'>in</span> <span class='ocrx_word' id='word_1_30' title='bbox 984 558 1224 614; x_wconf 84' lang='lat' dir='ltr'>Argentina</span> <span class='ocrx_word' id='word_1_31' title='bbox 1266 558 1438 600; x_wconf 86' lang='lat' dir='ltr'>civitate</span> <span class='ocrx_word' id='word_1_32' title='bbox 1483 557 1590 600; x_wconf 89' lang='lat' dir='ltr'>cele-</span> 
     </span>
     <span class='ocr_line' id='line_1_6' title="bbox 88 612 1590 670; baseline 0 -15"><span class='ocrx_word' id='word_1_33' title='bbox 88 612 243 655; x_wconf 83' lang='lat' dir='ltr'>bravit.</span> <span class='ocrx_word' id='word_1_34' title='bbox 301 612 422 667; x_wconf 85' lang='lat' dir='ltr'>Inde,</span> <span class='ocrx_word' id='word_1_35' title='bbox 453 612 628 656; x_wconf 86' lang='lat' dir='ltr'>collecto</span> <span class='ocrx_word' id='word_1_36' title='bbox 659 614 863 664; x_wconf 87' lang='lat' dir='ltr'>exercitu,</span> <span class='ocrx_word' id='word_1_37' title='bbox 898 628 977 670; x_wconf 91' lang='lat' dir='ltr'>per</span> <span class='ocrx_word' id='word_1_38' title='bbox 1008 613 1263 657; x_wconf 86' lang='lat' dir='ltr'>Solodorum</span> <span class='ocrx_word' id='word_1_39' title='bbox 1293 613 1590 669; x_wconf 85' lang='lat' dir='ltr'>Burgundiam</span> 
     </span>
     <span class='ocr_line' id='line_1_7' title="bbox 89 669 1589 726; baseline 0.001 -16"><span class='ocrx_word' id='word_1_40' title='bbox 89 669 276 711; x_wconf 83' lang='lat' dir='ltr'>intravit.</span> <span class='ocrx_word' id='word_1_41' title='bbox 337 669 393 710; x_wconf 83' lang='lat' dir='ltr'>Et</span> <span class='ocrx_word' id='word_1_42' title='bbox 430 670 604 711; x_wconf 86' lang='lat' dir='ltr'>veniens</span> <span class='ocrx_word' id='word_1_43' title='bbox 633 669 688 711; x_wconf 83' lang='lat' dir='ltr'>ad</span> <span class='ocrx_word' id='word_1_44' title='bbox 717 670 1017 712; x_wconf 89' lang='lat' dir='ltr'>Paterniacum</span> <span class='ocrx_word' id='word_1_45' title='bbox 1048 671 1366 724; x_wconf 83' lang='lat' dir='ltr'>monasterium,</span> <span class='ocrx_word' id='word_1_46' title='bbox 1400 671 1445 711; x_wconf 89' lang='lat' dir='ltr'>in</span> <span class='ocrx_word' id='word_1_47' title='bbox 1473 670 1589 726; x_wconf 89' lang='lat' dir='ltr'>puri-</span> 
     </span>
     <span class='ocr_line' id='line_1_8' title="bbox 87 724 1747 781; baseline 0.003 -15"><span class='ocrx_word' id='word_1_48' title='bbox 87 724 288 767; x_wconf 84' lang='lat' dir='ltr'>ficatione</span> <span class='ocrx_word' id='word_1_49' title='bbox 320 731 491 767; x_wconf 88' lang='lat' dir='ltr'>sanctae</span> <span class='ocrx_word' id='word_1_50' title='bbox 519 725 681 767; x_wconf 87' lang='lat' dir='ltr'>Mariae</span> <span class='ocrx_word' id='word_1_51' title='bbox 713 740 738 766; x_wconf 86' lang='lat' dir='ltr'>a</span> <span class='ocrx_word' id='word_1_52' title='bbox 768 725 1004 768; x_wconf 86' lang='lat' dir='ltr'>maioribus</span> <span class='ocrx_word' id='word_1_53' title='bbox 1044 734 1085 769; x_wconf 86' lang='lat' dir='ltr'>et</span> <span class='ocrx_word' id='word_1_54' title='bbox 1114 727 1352 768; x_wconf 86' lang='lat' dir='ltr'><strong>minoribus</strong></span> <span class='ocrx_word' id='word_1_55' title='bbox 1381 726 1504 781; x_wconf 87' lang='lat' dir='ltr'>regni</span> <span class='ocrx_word' id='word_1_56' title='bbox 1534 726 1590 768; x_wconf 90' lang='lat' dir='ltr'>ad</span> <span class='ocrx_word' id='word_1_57' title='bbox 1601 743 1692 772; x_wconf 71' lang='lat' dir='ltr'>Febr.</span> <span class='ocrx_word' id='word_1_58' title='bbox 1716 745 1747 771; x_wconf 83' lang='lat'>2.</span> 
     </span>
     <span class='ocr_line' id='line_1_9' title="bbox 89 780 1588 839; baseline 0.001 -17"><span class='ocrx_word' id='word_1_59' title='bbox 89 780 323 836; x_wconf 85' lang='lat' dir='ltr'>regendam</span> <span class='ocrx_word' id='word_1_60' title='bbox 353 781 649 837; x_wconf 87' lang='lat' dir='ltr'>Burgundiam</span> <span class='ocrx_word' id='word_1_61' title='bbox 690 780 848 824; x_wconf 87' lang='lat' dir='ltr'>electus</span> <span class='ocrx_word' id='word_1_62' title='bbox 889 790 968 837; x_wconf 80' lang='lat' dir='ltr'>est3</span> <span class='ocrx_word' id='word_1_63' title='bbox 1010 788 1052 824; x_wconf 88' lang='lat' dir='ltr'>et</span> <span class='ocrx_word' id='word_1_64' title='bbox 1081 783 1124 824; x_wconf 85' lang='lat' dir='ltr'>in</span> <span class='ocrx_word' id='word_1_65' title='bbox 1154 783 1250 839; x_wconf 86' lang='lat' dir='ltr'>ipsa</span> <span class='ocrx_word' id='word_1_66' title='bbox 1279 782 1347 824; x_wconf 90' lang='lat' dir='ltr'>die</span> <span class='ocrx_word' id='word_1_67' title='bbox 1377 797 1455 838; x_wconf 88' lang='lat' dir='ltr'>pro</span> <span class='ocrx_word' id='word_1_68' title='bbox 1485 797 1588 839; x_wconf 90' lang='lat' dir='ltr'>rege</span> 
     </span>
     <span class='ocr_line' id='line_1_10' title="bbox 90 837 1588 895; baseline 0.001 -17"><span class='ocrx_word' id='word_1_69' title='bbox 90 842 319 879; x_wconf 78' lang='lat' dir='ltr'>coronatus</span> <span class='ocrx_word' id='word_1_70' title='bbox 348 843 424 879; x_wconf 86' lang='lat' dir='ltr'>est.</span> <span class='ocrx_word' id='word_1_71' title='bbox 483 837 653 880; x_wconf 84' lang='lat' dir='ltr'>Deinde</span> <span class='ocrx_word' id='word_1_72' title='bbox 690 838 902 894; x_wconf 83' lang='lat' dir='ltr'>quaedam</span> <span class='ocrx_word' id='word_1_73' title='bbox 943 838 1137 893; x_wconf 85' lang='lat' dir='ltr'>castella,</span> <span class='ocrx_word' id='word_1_74' title='bbox 1169 853 1279 895; x_wconf 90' lang='lat' dir='ltr'>quae</span> <span class='ocrx_word' id='word_1_75' title='bbox 1311 838 1440 882; x_wconf 92' lang='lat' dir='ltr'>Oudo</span> <span class='ocrx_word' id='word_1_76' title='bbox 1470 839 1588 881; x_wconf 87' lang='lat' dir='ltr'>inva-</span> 
     </span>
     <span class='ocr_line' id='line_1_11' title="bbox 90 891 1589 951; baseline 0.001 -16"><span class='ocrx_word' id='word_1_77' title='bbox 90 899 216 947; x_wconf 83' lang='lat' dir='ltr'><strong>serat,</strong></span> <span class='ocrx_word' id='word_1_78' title='bbox 246 891 426 947; x_wconf 82' lang='lat' dir='ltr'>obsedit,</span> <span class='ocrx_word' id='word_1_79' title='bbox 458 894 533 936; x_wconf 86' lang='lat' dir='ltr'>sed</span> <span class='ocrx_word' id='word_1_80' title='bbox 562 899 739 951; x_wconf 90' lang='lat' dir='ltr'>propter</span> <span class='ocrx_word' id='word_1_81' title='bbox 757 894 933 936; x_wconf 88' lang='lat' dir='ltr'>nimiam</span> <span class='ocrx_word' id='word_1_82' title='bbox 959 895 1232 951; x_wconf 83' lang='lat' dir='ltr'>asperitatem</span> <span class='ocrx_word' id='word_1_83' title='bbox 1253 894 1406 937; x_wconf 89' lang='lat' dir='ltr'>hiemis</span> <span class='ocrx_word' id='word_1_84' title='bbox 1418 903 1447 948; x_wconf 85' lang='lat'>¹,</span> <span class='ocrx_word' id='word_1_85' title='bbox 1479 909 1589 951; x_wconf 87' lang='lat' dir='ltr'>quae</span> 
     </span>
     <span class='ocr_line' id='line_1_12' title="bbox 87 948 1588 1008; baseline 0 -16"><span class='ocrx_word' id='word_1_86' title='bbox 87 955 190 992; x_wconf 75' lang='lat' dir='ltr'>tune</span> <span class='ocrx_word' id='word_1_87' title='bbox 219 948 371 1004; x_wconf 82' lang='lat' dir='ltr'>fuerat,</span> <span class='ocrx_word' id='word_1_88' title='bbox 399 949 524 992; x_wconf 87' lang='lat' dir='ltr'>valde</span> <span class='ocrx_word' id='word_1_89' title='bbox 554 949 904 1007; x_wconf 66' lang='lat' dir='ltr'>impediebatura.</span> <span class='ocrx_word' id='word_1_90' title='bbox 962 951 1031 993; x_wconf 92' lang='lat' dir='ltr'>De</span> <span class='ocrx_word' id='word_1_91' title='bbox 1062 966 1147 1008; x_wconf 87' lang='lat' dir='ltr'>qua</span> <span class='ocrx_word' id='word_1_92' title='bbox 1175 951 1393 993; x_wconf 82' lang='lat' dir='ltr'>nimietate</span> <span class='ocrx_word' id='word_1_93' title='bbox 1417 950 1588 1006; x_wconf 84' lang='lat' dir='ltr'>frigoris</span> 
     </span>
     <span class='ocr_line' id='line_1_13' title="bbox 89 1004 1590 1063; baseline 0.001 -17"><span class='ocrx_word' id='word_1_94' title='bbox 89 1004 267 1063; x_wconf 85' lang='lat' dir='ltr'>quidam</span> <span class='ocrx_word' id='word_1_95' title='bbox 297 1005 350 1047; x_wconf 85' lang='lat' dir='ltr'>de</span> <span class='ocrx_word' id='word_1_96' title='bbox 387 1006 542 1048; x_wconf 86' lang='lat' dir='ltr'>nostris</span> <span class='ocrx_word' id='word_1_97' title='bbox 586 1013 787 1049; x_wconf 86' lang='lat' dir='ltr'>centenos</span> <span class='ocrx_word' id='word_1_98' title='bbox 831 1022 979 1050; x_wconf 82' lang='lat' dir='ltr'>versus</span> <span class='ocrx_word' id='word_1_99' title='bbox 1022 1007 1141 1062; x_wconf 81' lang='lat' dir='ltr'>fecit,</span> <span class='ocrx_word' id='word_1_100' title='bbox 1218 1021 1296 1048; x_wconf 90' lang='lat' dir='ltr'>uos</span> <span class='ocrx_word' id='word_1_101' title='bbox 1340 1007 1590 1063; x_wconf 86' lang='lat' dir='ltr'>imperatori</span> 
     </span>
     <span class='ocr_line' id='line_1_14' title="bbox 87 1062 1590 1119; baseline 0.001 -15"><span class='ocrx_word' id='word_1_102' title='bbox 87 1062 401 1119; x_wconf 80' lang='lat' dir='ltr'>praesentavit3</span> <span class='ocrx_word' id='word_1_103' title='bbox 445 1063 489 1103; x_wconf 90' lang='lat' dir='ltr'>in</span> <span class='ocrx_word' id='word_1_104' title='bbox 521 1063 678 1119; x_wconf 91' lang='lat' dir='ltr'>quibus</span> <span class='ocrx_word' id='word_1_105' title='bbox 716 1070 804 1105; x_wconf 86' lang='lat' dir='ltr'>tam</span> <span class='ocrx_word' id='word_1_106' title='bbox 833 1064 1053 1106; x_wconf 88' lang='lat' dir='ltr'>mirandae</span> <span class='ocrx_word' id='word_1_107' title='bbox 1093 1079 1161 1106; x_wconf 91' lang='lat' dir='ltr'>res</span> <span class='ocrx_word' id='word_1_108' title='bbox 1231 1064 1423 1116; x_wconf 85' lang='lat' dir='ltr'>icuntur,</span> <span class='ocrx_word' id='word_1_109' title='bbox 1471 1062 1590 1119; x_wconf 89' lang='lat' dir='ltr'>quod</span> 
     </span>
     <span class='ocr_line' id='line_1_15' title="bbox 89 1118 1590 1175; baseline 0.001 -15"><span class='ocrx_word' id='word_1_110' title='bbox 89 1118 190 1175; x_wconf 89' lang='lat' dir='ltr'>equi</span> <span class='ocrx_word' id='word_1_111' title='bbox 219 1118 265 1160; x_wconf 89' lang='lat' dir='ltr'>in</span> <span class='ocrx_word' id='word_1_112' title='bbox 294 1118 444 1161; x_wconf 87' lang='lat' dir='ltr'>castris</span> <span class='ocrx_word' id='word_1_113' title='bbox 475 1119 589 1160; x_wconf 87' lang='lat' dir='ltr'>circa</span> <span class='ocrx_word' id='word_1_114' title='bbox 619 1118 840 1161; x_wconf 88' lang='lat' dir='ltr'>castellum</span> <span class='ocrx_word' id='word_1_115' title='bbox 860 1120 1089 1172; x_wconf 72' lang='lat' dir='ltr'>Muratb·2,</span> <span class='ocrx_word' id='word_1_116' title='bbox 1120 1121 1156 1161; x_wconf 90' lang='lat' dir='ltr'>si</span> <span class='ocrx_word' id='word_1_117' title='bbox 1184 1119 1315 1175; x_wconf 84' lang='lat' dir='ltr'>pedes</span> <span class='ocrx_word' id='word_1_118' title='bbox 1345 1118 1590 1161; x_wconf 86' lang='lat' dir='ltr'>infixissent</span> 
     </span>
     <span class='ocr_line' id='line_1_16' title="bbox 86 1174 1590 1232; baseline 0.001 -16"><span class='ocrx_word' id='word_1_119' title='bbox 86 1179 226 1217; x_wconf 86' lang='lat' dir='ltr'>terrae</span> <span class='ocrx_word' id='word_1_120' title='bbox 264 1189 344 1231; x_wconf 89' lang='lat' dir='ltr'>pro</span> <span class='ocrx_word' id='word_1_121' title='bbox 374 1179 567 1231; x_wconf 89' lang='lat' dir='ltr'>tempore</span> <span class='ocrx_word' id='word_1_122' title='bbox 581 1183 596 1202; x_wconf 81' lang='lat'>⁰</span> <span class='ocrx_word' id='word_1_123' title='bbox 626 1175 711 1217; x_wconf 87' lang='lat' dir='ltr'>diei</span> <span class='ocrx_word' id='word_1_124' title='bbox 731 1174 893 1232; x_wconf 86' lang='lat' dir='ltr'>aliquid</span> <span class='ocrx_word' id='word_1_125' title='bbox 914 1176 1062 1229; x_wconf 75' lang='lat' dir='ltr'>moliti,</span> <span class='ocrx_word' id='word_1_126' title='bbox 1092 1191 1172 1232; x_wconf 87' lang='lat' dir='ltr'>per</span> <span class='ocrx_word' id='word_1_127' title='bbox 1190 1182 1360 1217; x_wconf 88' lang='lat' dir='ltr'>noctem</span> <span class='ocrx_word' id='word_1_128' title='bbox 1380 1176 1440 1217; x_wconf 86' lang='lat' dir='ltr'>ita</span> <span class='ocrx_word' id='word_1_129' title='bbox 1460 1174 1590 1231; x_wconf 79' lang='lat' dir='ltr'>gelati</span> 
     </span>
     <span class='ocr_line' id='line_1_17' title="bbox 89 1231 1588 1288; baseline 0.001 -16"><span class='ocrx_word' id='word_1_130' title='bbox 89 1231 488 1287; x_wconf 81' lang='lat' dir='ltr'>constringerenter,</span> <span class='ocrx_word' id='word_1_131' title='bbox 520 1237 568 1273; x_wconf 89' lang='lat' dir='ltr'>ut</span> <span class='ocrx_word' id='word_1_132' title='bbox 586 1245 859 1288; x_wconf 84' lang='lat' dir='ltr'>nequaquam</span> <span class='ocrx_word' id='word_1_133' title='bbox 888 1232 972 1274; x_wconf 88' lang='lat' dir='ltr'>nisi</span> <span class='ocrx_word' id='word_1_134' title='bbox 1002 1232 1222 1274; x_wconf 81' lang='lat' dir='ltr'>securibus</span> <span class='ocrx_word' id='word_1_135' title='bbox 1253 1238 1294 1273; x_wconf 87' lang='lat' dir='ltr'>et</span> <span class='ocrx_word' id='word_1_136' title='bbox 1324 1231 1503 1274; x_wconf 90' lang='lat' dir='ltr'>sudibus</span> <span class='ocrx_word' id='word_1_137' title='bbox 1533 1231 1588 1273; x_wconf 88' lang='lat' dir='ltr'>de</span> 
     </span>
     <span class='ocr_line' id='line_1_18' title="bbox 85 1286 1588 1345; baseline 0.001 -17"><span class='ocrx_word' id='word_1_138' title='bbox 85 1292 200 1329; x_wconf 85' lang='lat' dir='ltr'>terra</span> <span class='ocrx_word' id='word_1_139' title='bbox 227 1287 274 1328; x_wconf 91' lang='lat' dir='ltr'>in</span> <span class='ocrx_word' id='word_1_140' title='bbox 304 1287 486 1329; x_wconf 87' lang='lat' dir='ltr'>circuitu</span> <span class='ocrx_word' id='word_1_141' title='bbox 511 1286 653 1343; x_wconf 81' lang='lat' dir='ltr'>gelata</span> <span class='ocrx_word' id='word_1_142' title='bbox 683 1287 804 1330; x_wconf 88' lang='lat' dir='ltr'>evelli</span> <span class='ocrx_word' id='word_1_143' title='bbox 833 1289 1085 1345; x_wconf 88' lang='lat' dir='ltr'>potuissent.</span> <span class='ocrx_word' id='word_1_144' title='bbox 1146 1287 1334 1341; x_wconf 76' lang='lat' dir='ltr'>Quidam</span> <span class='ocrx_word' id='word_1_145' title='bbox 1364 1302 1479 1340; x_wconf 86' lang='lat' dir='ltr'>vero,</span> <span class='ocrx_word' id='word_1_146' title='bbox 1513 1288 1588 1344; x_wconf 92' lang='lat' dir='ltr'>qui</span> 
     </span>
     <span class='ocr_line' id='line_1_19' title="bbox 86 1342 1586 1401; baseline 0 -15"><span class='ocrx_word' id='word_1_147' title='bbox 86 1357 175 1386; x_wconf 85' lang='lat' dir='ltr'>non</span> <span class='ocrx_word' id='word_1_148' title='bbox 203 1342 355 1385; x_wconf 86' lang='lat' dir='ltr'>habuit</span> <span class='ocrx_word' id='word_1_149' title='bbox 384 1343 658 1397; x_wconf 82' lang='lat' dir='ltr'>adiutorium,</span> <span class='ocrx_word' id='word_1_150' title='bbox 690 1359 848 1401; x_wconf 89' lang='lat' dir='ltr'>equum</span> <span class='ocrx_word' id='word_1_151' title='bbox 869 1345 1094 1401; x_wconf 86' lang='lat' dir='ltr'>proprium</span> <span class='ocrx_word' id='word_1_152' title='bbox 1115 1345 1174 1387; x_wconf 86' lang='lat' dir='ltr'>ita</span> <span class='ocrx_word' id='word_1_153' title='bbox 1194 1344 1439 1386; x_wconf 85' lang='lat' dir='ltr'>haerentem</span> <span class='ocrx_word' id='word_1_154' title='bbox 1458 1345 1586 1386; x_wconf 85' lang='lat' dir='ltr'>inter-</span> 
     </span>
     <span class='ocr_line' id='line_1_20' title="bbox 85 1398 1587 1456; baseline 0 -14"><span class='ocrx_word' id='word_1_155' title='bbox 85 1398 186 1442; x_wconf 87' lang='lat' dir='ltr'>fecit</span> <span class='ocrx_word' id='word_1_156' title='bbox 214 1405 256 1441; x_wconf 90' lang='lat' dir='ltr'>et</span> <span class='ocrx_word' id='word_1_157' title='bbox 285 1400 448 1441; x_wconf 90' lang='lat' dir='ltr'>corium</span> <span class='ocrx_word' id='word_1_158' title='bbox 479 1400 532 1442; x_wconf 92' lang='lat' dir='ltr'>de</span> <span class='ocrx_word' id='word_1_159' title='bbox 563 1399 757 1442; x_wconf 89' lang='lat' dir='ltr'>cruribus</span> <span class='ocrx_word' id='word_1_160' title='bbox 788 1416 958 1444; x_wconf 90' lang='lat' dir='ltr'>sursum</span> <span class='ocrx_word' id='word_1_161' title='bbox 987 1400 1174 1455; x_wconf 88' lang='lat' dir='ltr'>abstulit,</span> <span class='ocrx_word' id='word_1_162' title='bbox 1204 1400 1418 1456; x_wconf 87' lang='lat' dir='ltr'>reliquum</span> <span class='ocrx_word' id='word_1_163' title='bbox 1447 1406 1587 1442; x_wconf 85' lang='lat' dir='ltr'>terrae</span> 
     </span>
     <span class='ocr_line' id='line_1_21' title="bbox 83 1454 1587 1554; baseline 0.001 -56"><span class='ocrx_word' id='word_1_164' title='bbox 83 1454 250 1554; x_wconf 55' lang='lat' dir='ltr'>{elatae</span> <span class='ocrx_word' id='word_1_165' title='bbox 278 1455 459 1498; x_wconf 82' lang='lat' dir='ltr'>infixum</span> <span class='ocrx_word' id='word_1_166' title='bbox 490 1456 664 1499; x_wconf 87' lang='lat' dir='ltr'>dimisit.</span> <span class='ocrx_word' id='word_1_167' title='bbox 722 1456 931 1499; x_wconf 88' lang='lat' dir='ltr'>Homines</span> <span class='ocrx_word' id='word_1_168' title='bbox 961 1472 1134 1514; x_wconf 89' lang='lat' dir='ltr'>quoque</span> <span class='ocrx_word' id='word_1_169' title='bbox 1153 1455 1335 1498; x_wconf 86' lang='lat' dir='ltr'>multum</span> <span class='ocrx_word' id='word_1_170' title='bbox 1357 1455 1587 1499; x_wconf 87' lang='lat' dir='ltr'>confunde-</span> 
     </span>
    </p>

    <p class='ocr_par' dir='ltr' id='par_1_4' title="bbox 82 1511 1587 1794">
     <span class='ocr_line' id='line_1_22' title="bbox 115 1511 1584 1568; baseline 0 -15"><span class='ocrx_word' id='word_1_171' title='bbox 115 1517 242 1554; x_wconf 83' lang='lat' dir='ltr'>antur</span> <span class='ocrx_word' id='word_1_172' title='bbox 271 1511 353 1554; x_wconf 90' lang='lat' dir='ltr'>hoc</span> <span class='ocrx_word' id='word_1_173' title='bbox 382 1511 547 1568; x_wconf 79' lang='lat' dir='ltr'>algore3</span> <span class='ocrx_word' id='word_1_174' title='bbox 579 1519 670 1555; x_wconf 86' lang='lat' dir='ltr'>erat</span> <span class='ocrx_word' id='word_1_175' title='bbox 699 1514 813 1556; x_wconf 89' lang='lat' dir='ltr'>enim</span> <span class='ocrx_word' id='word_1_176' title='bbox 842 1528 926 1555; x_wconf 87' lang='lat' dir='ltr'>una</span> <span class='ocrx_word' id='word_1_177' title='bbox 955 1513 1085 1556; x_wconf 87' lang='lat' dir='ltr'>facies</span> <span class='ocrx_word' id='word_1_178' title='bbox 1114 1514 1318 1555; x_wconf 84' lang='lat' dir='ltr'>iuvenum</span> <span class='ocrx_word' id='word_1_179' title='bbox 1349 1519 1390 1554; x_wconf 88' lang='lat' dir='ltr'>et</span> <span class='ocrx_word' id='word_1_180' title='bbox 1420 1527 1584 1566; x_wconf 88' lang='lat' dir='ltr'>senum,</span> 
     </span>
     <span class='ocr_line' id='line_1_23' title="bbox 86 1568 1585 1626; baseline -0.001 -16"><span class='ocrx_word' id='word_1_181' title='bbox 86 1582 233 1611; x_wconf 91' lang='lat' dir='ltr'>omnes</span> <span class='ocrx_word' id='word_1_182' title='bbox 263 1574 384 1611; x_wconf 90' lang='lat' dir='ltr'>erant</span> <span class='ocrx_word' id='word_1_183' title='bbox 422 1569 491 1611; x_wconf 87' lang='lat' dir='ltr'>die</span> <span class='ocrx_word' id='word_1_184' title='bbox 531 1575 573 1611; x_wconf 85' lang='lat' dir='ltr'>et</span> <span class='ocrx_word' id='word_1_185' title='bbox 606 1576 730 1611; x_wconf 88' lang='lat' dir='ltr'>nocte</span> <span class='ocrx_word' id='word_1_186' title='bbox 761 1570 858 1611; x_wconf 90' lang='lat' dir='ltr'>cani</span> <span class='ocrx_word' id='word_1_187' title='bbox 888 1576 930 1612; x_wconf 91' lang='lat' dir='ltr'>et</span> <span class='ocrx_word' id='word_1_188' title='bbox 958 1569 1128 1612; x_wconf 89' lang='lat' dir='ltr'>barbati</span> <span class='ocrx_word' id='word_1_189' title='bbox 1157 1575 1335 1626; x_wconf 87' lang='lat' dir='ltr'>propter</span> <span class='ocrx_word' id='word_1_190' title='bbox 1363 1568 1585 1610; x_wconf 89' lang='lat' dir='ltr'>horridum</span> 
     </span>
     <span class='ocr_line' id='line_1_24' title="bbox 83 1624 1587 1691; baseline 0 -25"><span class='ocrx_word' id='word_1_191' title='bbox 83 1625 271 1691; x_wconf 77' lang='lat' dir='ltr'>rigorem</span> <span class='ocrx_word' id='word_1_192' title='bbox 314 1624 489 1680; x_wconf 84' lang='lat' dir='ltr'>glaciei,</span> <span class='ocrx_word' id='word_1_193' title='bbox 532 1624 633 1667; x_wconf 86' lang='lat' dir='ltr'>licet</span> <span class='ocrx_word' id='word_1_194' title='bbox 675 1626 819 1682; x_wconf 84' lang='lat' dir='ltr'>plures</span> <span class='ocrx_word' id='word_1_195' title='bbox 858 1626 1035 1678; x_wconf 86' lang='lat' dir='ltr'>iuvenes</span> <span class='ocrx_word' id='word_1_196' title='bbox 1075 1633 1116 1668; x_wconf 88' lang='lat' dir='ltr'>et</span> <span class='ocrx_word' id='word_1_197' title='bbox 1155 1624 1370 1668; x_wconf 86' lang='lat' dir='ltr'>imberbes</span> <span class='ocrx_word' id='word_1_198' title='bbox 1405 1624 1587 1666; x_wconf 88' lang='lat' dir='ltr'>fuissent</span> 
     </span>
     <span class='ocr_line' id='line_1_25' title="bbox 82 1679 409 1733; baseline -0.003 -10"><span class='ocrx_word' id='word_1_199' title='bbox 82 1679 166 1733; x_wconf 89' lang='lat' dir='ltr'>ib1;</span> <span class='ocrx_word' id='word_1_200' title='bbox 196 1687 238 1724; x_wconf 79' lang='lat' dir='ltr'>et</span> <span class='ocrx_word' id='word_1_201' title='bbox 266 1686 409 1723; x_wconf 88' lang='lat' dir='ltr'>tamen</span> 
     </span>
     <span class='ocr_line' id='line_1_26' title="bbox 155 1735 1421 1794; baseline -0.002 -14"><span class='ocrx_word' id='word_1_202' title='bbox 155 1735 157 1737; x_wconf 56' lang='grc'>’</span> <span class='ocrx_word' id='word_1_203' title='bbox 243 1737 332 1780; x_wconf 85' lang='lat' dir='ltr'>Vix</span> <span class='ocrx_word' id='word_1_204' title='bbox 362 1737 467 1780; x_wconf 90' lang='lat' dir='ltr'>haec</span> <span class='ocrx_word' id='word_1_205' title='bbox 499 1752 628 1780; x_wconf 86' lang='lat' dir='ltr'>causa</span> <span class='ocrx_word' id='word_1_206' title='bbox 656 1737 747 1791; x_wconf 81' lang='lat' dir='ltr'>fuit,</span> <span class='ocrx_word' id='word_1_207' title='bbox 780 1738 895 1794; x_wconf 89' lang='lat' dir='ltr'>quod</span> <span class='ocrx_word' id='word_1_208' title='bbox 926 1752 1071 1780; x_wconf 85' lang='lat' dir='ltr'>caesar</span> <span class='ocrx_word' id='word_1_209' title='bbox 1100 1737 1212 1781; x_wconf 87' lang='lat' dir='ltr'>bella</span> <span class='ocrx_word' id='word_1_210' title='bbox 1238 1736 1421 1793; x_wconf 84' lang='lat' dir='ltr'>reliquit.</span> 
     </span>
    </p>

    <p class='ocr_par' dir='ltr' id='par_1_5' title="bbox 81 1792 1586 2173">
     <span class='ocr_line' id='line_1_27' title="bbox 195 1792 1585 1850; baseline -0.001 -15"><span class='ocrx_word' id='word_1_211' title='bbox 195 1793 261 1836; x_wconf 91' lang='lat' dir='ltr'>Im</span> <span class='ocrx_word' id='word_1_212' title='bbox 296 1800 437 1836; x_wconf 78' lang='lat' dir='ltr'>erator</span> <span class='ocrx_word' id='word_1_213' title='bbox 463 1808 659 1836; x_wconf 87' lang='lat' dir='ltr'>reversus</span> <span class='ocrx_word' id='word_1_214' title='bbox 690 1794 745 1836; x_wconf 88' lang='lat' dir='ltr'>ad</span> <span class='ocrx_word' id='word_1_215' title='bbox 774 1795 1010 1836; x_wconf 83' lang='lat' dir='ltr'>Turicumd</span> <span class='ocrx_word' id='word_1_216' title='bbox 1041 1800 1228 1836; x_wconf 83' lang='lat' dir='ltr'>castrum</span> <span class='ocrx_word' id='word_1_217' title='bbox 1265 1793 1483 1850; x_wconf 79' lang='lat' dir='ltr'>pervenit3</span> <span class='ocrx_word' id='word_1_218' title='bbox 1522 1792 1585 1835; x_wconf 92' lang='lat' dir='ltr'>ibi</span> 
     </span>
     <span class='ocr_line' id='line_1_28' title="bbox 82 1848 1586 1907; baseline -0.001 -15"><span class='ocrx_word' id='word_1_219' title='bbox 82 1848 228 1907; x_wconf 85' lang='lat' dir='ltr'>plures</span> <span class='ocrx_word' id='word_1_220' title='bbox 306 1850 649 1906; x_wconf 85' lang='lat' dir='ltr'>urgundionum,</span> <span class='ocrx_word' id='word_1_221' title='bbox 693 1851 842 1907; x_wconf 85' lang='lat' dir='ltr'>regina</span> <span class='ocrx_word' id='word_1_222' title='bbox 871 1850 1146 1906; x_wconf 86' lang='lat' dir='ltr'>Burgundiae</span> <span class='ocrx_word' id='word_1_223' title='bbox 1189 1851 1276 1891; x_wconf 87' lang='lat' dir='ltr'>iam</span> <span class='ocrx_word' id='word_1_224' title='bbox 1314 1849 1498 1902; x_wconf 66' lang='lat' dir='ltr'>viduass,</span> <span class='ocrx_word' id='word_1_225' title='bbox 1543 1855 1586 1891; x_wconf 85' lang='lat' dir='ltr'>et</span> 
     </span>
     <span class='ocr_line' id='line_1_29' title="bbox 83 1904 1585 1963; baseline -0.002 -15"><span class='ocrx_word' id='word_1_226' title='bbox 83 1919 226 1948; x_wconf 80' lang='lat' dir='ltr'>comes</span> <span class='ocrx_word' id='word_1_227' title='bbox 256 1906 497 1963; x_wconf 86' lang='lat' dir='ltr'>Hupertus,</span> <span class='ocrx_word' id='word_1_228' title='bbox 543 1912 584 1949; x_wconf 86' lang='lat' dir='ltr'>et</span> <span class='ocrx_word' id='word_1_229' title='bbox 612 1906 698 1956; x_wconf 87' lang='lat' dir='ltr'>alii,</span> <span class='ocrx_word' id='word_1_230' title='bbox 744 1907 818 1963; x_wconf 92' lang='lat' dir='ltr'>qui</span> <span class='ocrx_word' id='word_1_231' title='bbox 860 1913 1037 1963; x_wconf 84' lang='lat' dir='ltr'>propter</span> <span class='ocrx_word' id='word_1_232' title='bbox 1078 1905 1257 1948; x_wconf 88' lang='lat' dir='ltr'>insidias</span> <span class='ocrx_word' id='word_1_233' title='bbox 1298 1904 1496 1948; x_wconf 86' lang='lat' dir='ltr'>Oudonis</span> <span class='ocrx_word' id='word_1_234' title='bbox 1539 1905 1585 1945; x_wconf 92' lang='lat' dir='ltr'>in</span> 
     </span>
     <span class='ocr_line' id='line_1_30' title="bbox 82 1959 1584 2019; baseline -0.003 -14"><span class='ocrx_word' id='word_1_235' title='bbox 82 1962 337 2019; x_wconf 86' lang='lat' dir='ltr'>Burgundia</span> <span class='ocrx_word' id='word_1_236' title='bbox 366 1962 422 2004; x_wconf 88' lang='lat' dir='ltr'>ad</span> <span class='ocrx_word' id='word_1_237' title='bbox 450 1963 509 2004; x_wconf 91' lang='lat' dir='ltr'>im</span> <span class='ocrx_word' id='word_1_238' title='bbox 544 1970 752 2005; x_wconf 85' lang='lat' dir='ltr'>eratorem</span> <span class='ocrx_word' id='word_1_239' title='bbox 791 1964 936 2005; x_wconf 87' lang='lat' dir='ltr'>venire</span> <span class='ocrx_word' id='word_1_240' title='bbox 966 1963 1247 2019; x_wconf 89' lang='lat' dir='ltr'>nequiverant</span> <span class='ocrx_word' id='word_1_241' title='bbox 1257 1969 1288 2015; x_wconf 66' lang='grc' dir='ltr'>θ,</span> <span class='ocrx_word' id='word_1_242' title='bbox 1318 1976 1396 2018; x_wconf 92' lang='lat' dir='ltr'>per</span> <span class='ocrx_word' id='word_1_243' title='bbox 1415 1959 1584 2003; x_wconf 85' lang='lat' dir='ltr'>Italiam</span> 
     </span>
     <span class='ocr_line' id='line_1_31' title="bbox 82 2017 1583 2076; baseline -0.002 -16"><span class='ocrx_word' id='word_1_244' title='bbox 82 2025 322 2076; x_wconf 79' lang='lat' dir='ltr'>pergentes,</span> <span class='ocrx_word' id='word_1_245' title='bbox 347 2033 520 2060; x_wconf 85' lang='lat' dir='ltr'>occurre</span> <span class='ocrx_word' id='word_1_246' title='bbox 552 2025 625 2060; x_wconf 82' lang='lat' dir='ltr'>ant</span> <span class='ocrx_word' id='word_1_247' title='bbox 654 2019 753 2072; x_wconf 87' lang='lat' dir='ltr'>sibi,</span> <span class='ocrx_word' id='word_1_248' title='bbox 776 2026 818 2061; x_wconf 86' lang='lat' dir='ltr'>et</span> <span class='ocrx_word' id='word_1_249' title='bbox 848 2019 987 2061; x_wconf 87' lang='lat' dir='ltr'>effecti</span> <span class='ocrx_word' id='word_1_250' title='bbox 1018 2021 1095 2073; x_wconf 81' lang='lat' dir='ltr'>sui,</span> <span class='ocrx_word' id='word_1_251' title='bbox 1126 2018 1210 2061; x_wconf 89' lang='lat' dir='ltr'>fide</span> <span class='ocrx_word' id='word_1_252' title='bbox 1240 2017 1476 2074; x_wconf 76' lang='lat' dir='ltr'>promissaf</span> <span class='ocrx_word' id='word_1_253' title='bbox 1504 2031 1583 2072; x_wconf 88' lang='lat' dir='ltr'>per</span> 
     </span>
     <span class='ocr_line' id='line_1_32' title="bbox 83 2072 1583 2173; baseline -0.003 -56"><span class='ocrx_word' id='word_1_254' title='bbox 83 2081 399 2173; x_wconf 56' lang='grc' dir='ltr'>εαὲἔειωθῐιῐιιω</span> <span class='ocrx_word' id='word_1_255' title='bbox 437 2074 518 2116; x_wconf 91' lang='lat' dir='ltr'>sibi</span> <span class='ocrx_word' id='word_1_256' title='bbox 559 2082 600 2116; x_wconf 88' lang='lat' dir='ltr'>et</span> <span class='ocrx_word' id='word_1_257' title='bbox 627 2074 714 2116; x_wconf 88' lang='lat' dir='ltr'>filio</span> <span class='ocrx_word' id='word_1_258' title='bbox 746 2089 823 2116; x_wconf 89' lang='lat' dir='ltr'>suo</span> <span class='ocrx_word' id='word_1_259' title='bbox 853 2075 1059 2117; x_wconf 90' lang='lat' dir='ltr'>Heinrico</span> <span class='ocrx_word' id='word_1_260' title='bbox 1090 2075 1196 2130; x_wconf 73' lang='lat' dir='ltr'>regi⁷</span> <span class='ocrx_word' id='word_1_261' title='bbox 1225 2073 1406 2115; x_wconf 90' lang='lat' dir='ltr'>mirifice</span> <span class='ocrx_word' id='word_1_262' title='bbox 1436 2072 1583 2115; x_wconf 89' lang='lat' dir='ltr'>donati</span> 
     </span>
     <span class='ocr_line' id='line_1_33' title="bbox 81 2131 312 2173; baseline 0 0"><span class='ocrx_word' id='word_1_263' title='bbox 81 2145 128 2173; x_wconf 88' lang='lat' dir='ltr'>re</span> <span class='ocrx_word' id='word_1_264' title='bbox 162 2131 312 2173; x_wconf 62' lang='lat' dir='ltr'>’erunt</span> 
     </span>
    </p>
   </div>
   <div class='ocr_carea' id='block_1_4' title="bbox 80 2234 1578 2334">
    <p class='ocr_par' dir='ltr' id='par_1_6' title="bbox 80 2234 1578 2334">
     <span class='ocr_line' id='line_1_34' title="bbox 80 2234 1578 2301; baseline -0.003 -22"><span class='ocrx_word' id='word_1_265' title='bbox 80 2236 149 2279; x_wconf 87' lang='lat'>31.</span> <span class='ocrx_word' id='word_1_266' title='bbox 208 2235 361 2289; x_wconf 81' lang='lat' dir='ltr'>Quod</span> <span class='ocrx_word' id='word_1_267' title='bbox 399 2236 716 2300; x_wconf 45' lang='lat' dir='ltr'>imperator·</span> <span class='ocrx_word' id='word_1_268' title='bbox 741 2250 904 2292; x_wconf 88' lang='lat' dir='ltr'>super</span> <span class='ocrx_word' id='word_1_269' title='bbox 933 2234 1229 2301; x_wconf 32' lang='lat' dir='ltr'>“oudonem</span> <span class='ocrx_word' id='word_1_270' title='bbox 1267 2248 1382 2276; x_wconf 90' lang='lat' dir='ltr'>cum</span> <span class='ocrx_word' id='word_1_271' title='bbox 1422 2247 1578 2275; x_wconf 84' lang='lat' dir='ltr'>exer-</span> 
     </span>
     <span class='ocr_line' id='line_1_35' title="bbox 672 2297 982 2334; baseline -0.006 0"><span class='ocrx_word' id='word_1_272' title='bbox 672 2299 787 2334; x_wconf 83' lang='lat' dir='ltr'>citu</span> <span class='ocrx_word' id='word_1_273' title='bbox 822 2297 982 2334; x_wconf 82' lang='lat' dir='ltr'>venit.</span> 
     </span>
    </p>
   </div>
   <div class='ocr_carea' id='block_1_5' title="bbox 80 2358 1674 2640">
    <p class='ocr_par' dir='ltr' id='par_1_7' title="bbox 80 2358 1674 2640">
     <span class='ocr_line' id='line_1_36' title="bbox 193 2358 1674 2416; baseline 0 -15"><span class='ocrx_word' id='word_1_274' title='bbox 193 2359 399 2402; x_wconf 85' lang='lat' dir='ltr'>Eiusdem</span> <span class='ocrx_word' id='word_1_275' title='bbox 428 2360 530 2401; x_wconf 90' lang='lat' dir='ltr'>anni</span> <span class='ocrx_word' id='word_1_276' title='bbox 558 2365 718 2402; x_wconf 89' lang='lat' dir='ltr'>aestate</span> <span class='ocrx_word' id='word_1_277' title='bbox 747 2360 980 2416; x_wconf 82' lang='lat' dir='ltr'>imperator</span> <span class='ocrx_word' id='word_1_278' title='bbox 1009 2373 1107 2401; x_wconf 94' lang='lat' dir='ltr'>cum</span> <span class='ocrx_word' id='word_1_279' title='bbox 1128 2358 1321 2400; x_wconf 82' lang='lat' dir='ltr'>exercitu</span> <span class='ocrx_word' id='word_1_280' title='bbox 1341 2371 1419 2399; x_wconf 88' lang='lat' dir='ltr'>suo</span> <span class='ocrx_word' id='word_1_281' title='bbox 1450 2371 1579 2414; x_wconf 90' lang='lat' dir='ltr'>super</span> <span class='ocrx_word' id='word_1_282' title='bbox 1590 2372 1674 2406; x_wconf 72' lang='lat' dir='ltr'>Aug.</span> 
     </span>
     <span class='ocr_line' id='line_1_37' title="bbox 82 2413 1578 2468; baseline -0.003 -10"><span class='ocrx_word' id='word_1_283' title='bbox 82 2415 310 2459; x_wconf 82' lang='lat' dir='ltr'>Oudonem</span> <span class='ocrx_word' id='word_1_284' title='bbox 355 2415 574 2458; x_wconf 86' lang='lat' dir='ltr'>consulem</span> <span class='ocrx_word' id='word_1_285' title='bbox 618 2416 662 2457; x_wconf 92' lang='lat' dir='ltr'>in</span> <span class='ocrx_word' id='word_1_286' title='bbox 693 2415 854 2458; x_wconf 78' lang='lat' dir='ltr'>Gallias</span> <span class='ocrx_word' id='word_1_287' title='bbox 884 2415 1150 2457; x_wconf 86' lang='lat' dir='ltr'>Francorum</span> <span class='ocrx_word' id='word_1_288' title='bbox 1179 2414 1307 2468; x_wconf 80' lang='lat' dir='ltr'>venit,</span> <span class='ocrx_word' id='word_1_289' title='bbox 1347 2413 1508 2466; x_wconf 81' lang='lat' dir='ltr'>dicens,</span> <span class='ocrx_word' id='word_1_290' title='bbox 1540 2413 1578 2455; x_wconf 86' lang='lat' dir='ltr'>si</span> 
     </span>
     <span class='ocr_line' id='line_1_38' title="bbox 82 2469 1576 2528; baseline -0.003 -13"><span class='ocrx_word' id='word_1_291' title='bbox 82 2471 211 2516; x_wconf 83' lang='lat' dir='ltr'>oudo</span> <span class='ocrx_word' id='word_1_292' title='bbox 255 2472 300 2513; x_wconf 90' lang='lat' dir='ltr'>in</span> <span class='ocrx_word' id='word_1_293' title='bbox 329 2471 582 2528; x_wconf 82' lang='lat' dir='ltr'>Burgundia</span> <span class='ocrx_word' id='word_1_294' title='bbox 623 2487 691 2515; x_wconf 90' lang='lat' dir='ltr'>res</span> <span class='ocrx_word' id='word_1_295' title='bbox 730 2471 890 2514; x_wconf 87' lang='lat' dir='ltr'>alienas</span> <span class='ocrx_word' id='word_1_296' title='bbox 927 2472 1082 2513; x_wconf 88' lang='lat' dir='ltr'>iniuste</span> <span class='ocrx_word' id='word_1_297' title='bbox 1142 2475 1356 2523; x_wconf 82' lang='lat' dir='ltr'>uaereret,</span> <span class='ocrx_word' id='word_1_298' title='bbox 1401 2469 1454 2512; x_wconf 88' lang='lat' dir='ltr'>de</span> <span class='ocrx_word' id='word_1_299' title='bbox 1498 2483 1576 2511; x_wconf 91' lang='lat' dir='ltr'>suo</span> 
     </span>
     <span class='ocr_line' id='line_1_39' title="bbox 80 2525 1577 2586; baseline -0.003 -16"><span class='ocrx_word' id='word_1_300' title='bbox 80 2528 276 2586; x_wconf 88' lang='lat' dir='ltr'>proprio,</span> <span class='ocrx_word' id='word_1_301' title='bbox 320 2528 492 2570; x_wconf 85' lang='lat' dir='ltr'>iuvante</span> <span class='ocrx_word' id='word_1_302' title='bbox 531 2528 649 2580; x_wconf 88' lang='lat' dir='ltr'>Deo,</span> <span class='ocrx_word' id='word_1_303' title='bbox 693 2527 856 2585; x_wconf 85' lang='lat' dir='ltr'>aliquid</span> <span class='ocrx_word' id='word_1_304' title='bbox 899 2527 1078 2585; x_wconf 86' lang='lat' dir='ltr'>perdere</span> <span class='ocrx_word' id='word_1_305' title='bbox 1148 2525 1306 2568; x_wconf 86' lang='lat' dir='ltr'>eberet.</span> <span class='ocrx_word' id='word_1_306' title='bbox 1365 2525 1488 2567; x_wconf 90' lang='lat' dir='ltr'>Tunc</span> <span class='ocrx_word' id='word_1_307' title='bbox 1531 2525 1577 2566; x_wconf 91' lang='lat' dir='ltr'>in</span> 
     </span>
     <span class='ocr_line' id='line_1_40' title="bbox 80 2580 1580 2640; baseline -0.004 -12"><span class='ocrx_word' id='word_1_308' title='bbox 80 2598 215 2640; x_wconf 87' lang='lat' dir='ltr'>regno</span> <span class='ocrx_word' id='word_1_309' title='bbox 245 2583 438 2626; x_wconf 87' lang='lat' dir='ltr'>Heinrici</span> <span class='ocrx_word' id='word_1_310' title='bbox 466 2584 579 2640; x_wconf 84' lang='lat' dir='ltr'>regis</span> <span class='ocrx_word' id='word_1_311' title='bbox 610 2584 888 2638; x_wconf 82' lang='lat' dir='ltr'>Francorum,</span> <span class='ocrx_word' id='word_1_312' title='bbox 923 2586 968 2626; x_wconf 90' lang='lat' dir='ltr'>in</span> <span class='ocrx_word' id='word_1_313' title='bbox 995 2583 1183 2640; x_wconf 84' lang='lat' dir='ltr'>praediis</span> <span class='ocrx_word' id='word_1_314' title='bbox 1211 2590 1354 2624; x_wconf 83' lang='lat' dir='ltr'>tamen</span> <span class='ocrx_word' id='word_1_315' title='bbox 1382 2588 1424 2623; x_wconf 91' lang='lat' dir='ltr'>et</span> <span class='ocrx_word' id='word_1_316' title='bbox 1451 2580 1580 2623; x_wconf 89' lang='lat' dir='ltr'>bene-</span> 
     </span>
    </p>
   </div>
   <div class='ocr_carea' id='block_1_6' title="bbox 83 2690 1580 2766">
    <p class='ocr_par' dir='ltr' id='par_1_8' title="bbox 83 2690 1580 2766">
     <span class='ocr_line' id='line_1_41' title="bbox 201 2690 1580 2726; baseline -0.001 -9"><span class='ocrx_word' id='word_1_317' title='bbox 201 2690 232 2726; x_wconf 67' lang='lat' dir='ltr'>a)</span> <span class='ocrx_word' id='word_1_318' title='bbox 254 2692 504 2724; x_wconf 73' lang='lat' dir='ltr'>impediebantur</span> <span class='ocrx_word' id='word_1_319' title='bbox 526 2693 554 2718; x_wconf 85' lang='lat'>1.</span> <span class='ocrx_word' id='word_1_320' title='bbox 632 2691 664 2726; x_wconf 92' lang='lat' dir='ltr'>b)</span> <span class='ocrx_word' id='word_1_321' title='bbox 687 2693 796 2718; x_wconf 78' lang='lat' dir='ltr'>Mirrat</span> <span class='ocrx_word' id='word_1_322' title='bbox 818 2694 844 2719; x_wconf 86' lang='lat'>1.</span> <span class='ocrx_word' id='word_1_323' title='bbox 919 2691 946 2726; x_wconf 91' lang='lat' dir='ltr'>c)</span> <span class='ocrx_word' id='word_1_324' title='bbox 968 2699 1024 2726; x_wconf 86' lang='lat' dir='ltr'>per</span> <span class='ocrx_word' id='word_1_325' title='bbox 1042 2695 1181 2725; x_wconf 84' lang='lat' dir='ltr'>teporem</span> <span class='ocrx_word' id='word_1_326' title='bbox 1204 2692 1232 2717; x_wconf 79' lang='lat'>2.</span> <span class='ocrx_word' id='word_1_327' title='bbox 1314 2690 1346 2725; x_wconf 82' lang='lat' dir='ltr'>d)</span> <span class='ocrx_word' id='word_1_328' title='bbox 1365 2691 1530 2717; x_wconf 78' lang='lat' dir='ltr'>Turcicum</span> <span class='ocrx_word' id='word_1_329' title='bbox 1551 2690 1580 2716; x_wconf 79' lang='lat'>2.</span> 
     </span>
     <span class='ocr_line' id='line_1_42' title="bbox 83 2729 726 2766; baseline -0.002 -7"><span class='ocrx_word' id='word_1_330' title='bbox 83 2730 114 2766; x_wconf 80' lang='grc' dir='ltr'>ο)</span> <span class='ocrx_word' id='word_1_331' title='bbox 135 2731 343 2764; x_wconf 80' lang='lat' dir='ltr'>nequiverunt</span> <span class='ocrx_word' id='word_1_332' title='bbox 365 2732 391 2758; x_wconf 79' lang='lat'>2.</span> <span class='ocrx_word' id='word_1_333' title='bbox 473 2729 498 2764; x_wconf 80' lang='lat' dir='ltr'>f)</span> <span class='ocrx_word' id='word_1_334' title='bbox 526 2732 677 2764; x_wconf 79' lang='lat' dir='ltr'>permissa</span> <span class='ocrx_word' id='word_1_335' title='bbox 699 2733 726 2759; x_wconf 90' lang='lat'>1.</span> 
     </span>
    </p>
   </div>
   <div class='ocr_carea' id='block_1_7' title="bbox 81 2809 1581 2905">
    <p class='ocr_par' dir='ltr' id='par_1_9' title="bbox 81 2809 1581 2905">
     <span class='ocr_line' id='line_1_43' title="bbox 151 2809 1581 2895; baseline -0.002 -50"><span class='ocrx_word' id='word_1_336' title='bbox 151 2861 190 2895; x_wconf 45' lang='lat' dir='ltr'>d·</span> <span class='ocrx_word' id='word_1_337' title='bbox 209 2813 243 2855; x_wconf 86' lang='lat'>1)</span> <span class='ocrx_word' id='word_1_338' title='bbox 271 2811 362 2846; x_wconf 83' lang='lat' dir='ltr'>Sall.</span> <span class='ocrx_word' id='word_1_339' title='bbox 388 2810 470 2856; x_wconf 75' lang='lat' dir='ltr'>Juy.</span> <span class='ocrx_word' id='word_1_340' title='bbox 498 2823 526 2845; x_wconf 84' lang='lat' dir='ltr'>c.</span> <span class='ocrx_word' id='word_1_341' title='bbox 554 2812 620 2844; x_wconf 80' lang='lat'>37:</span> <span class='ocrx_word' id='word_1_342' title='bbox 648 2811 762 2846; x_wconf 83' lang='lat' dir='ltr'>hiems</span> <span class='ocrx_word' id='word_1_343' title='bbox 789 2823 929 2856; x_wconf 81' lang='lat' dir='ltr'>aspera.</span> <span class='ocrx_word' id='word_1_344' title='bbox 1008 2812 1047 2856; x_wconf 82' lang='lat'>2)</span> <span class='ocrx_word' id='word_1_345' title='bbox 1073 2811 1229 2846; x_wconf 77' lang='lat' dir='ltr'>Murten.</span> <span class='ocrx_word' id='word_1_346' title='bbox 1256 2811 1298 2845; x_wconf 90' lang='lat' dir='ltr'>P.</span> <span class='ocrx_word' id='word_1_347' title='bbox 1375 2809 1413 2855; x_wconf 88' lang='lat'>3)</span> <span class='ocrx_word' id='word_1_348' title='bbox 1448 2809 1581 2843; x_wconf 76' lang='lat' dir='ltr'>Irmin-</span> 
     </span>
     <span class='ocr_line' id='line_1_44' title="bbox 81 2872 218 2905; baseline 0 -11"><span class='ocrx_word' id='word_1_349' title='bbox 81 2872 151 2905; x_wconf 65' lang='grc' dir='ltr'>ραν</span> <span class='ocrx_word' id='word_1_350' title='bbox 178 2872 218 2894; x_wconf 74' lang='lat' dir='ltr'>u.</span> 
     </span>
    </p>
   </div>
  </div>
 </body>
</html>
