1864 3250
0 447 3 469 vv
0 328 6 405 -vvr
0 224 8 313 w-

420 241 630 275 WIPONIS
658 241 812 275 GESTA
839 241 1127 275 CHUONRADI
1153 241 1253 274 lMP.
1537 241 1582 273 35

85 354 267 411 turpiter
292 353 451 396 vivere.
511 351 708 409 Cumque
738 353 1031 409 pervenissent
1058 353 1103 394 in
1132 352 1264 394 saltus
1295 351 1499 395 silvarum
1528 351 1583 395 ad
1599 369 1686 396 1030.

86 408 203 452 illam
242 409 463 465 regionem
498 407 782 450 Alamanniae
828 424 937 466 quae
976 409 1116 450 Bara¹
1163 408 1340 463 dicitur,
1383 408 1585 451 viderunt

87 471 230 508 eastra
258 464 438 518 deserta,
468 479 575 521 quae
606 465 738 521 priori
766 472 891 507 nocte
920 464 1063 506 hostes
1086 470 1413 521 occupaverant.
1473 464 1584 507 Con-

85 522 229 565 festim
265 527 572 579 perceperunt,
611 521 693 562 sibi
731 521 908 562 insidias
945 521 1101 578 parari.
1158 520 1269 563 Nam
1299 520 1584 577 Manegoldus

88 592 246 632 comes,
275 576 397 619 miles
422 577 704 633 imperatoris,
725 576 778 618 de
798 577 994 633 Augensi
1022 577 1196 620 abbatia
1224 591 1429 633 magnum
1458 576 1584 619 bene-

86 633 234 676 ficium
271 632 456 687 habens,
500 633 554 676 ab
593 634 850 689 imperatore
889 639 932 675 et
970 633 1234 675 VVarmanno
1267 632 1586 676 Constantiensi

88 689 305 747 episcopo,
337 689 412 746 qui
440 695 542 731 tunc
570 691 664 731 vice
694 690 815 731 ducis
831 689 1086 731 Herimanni
1099 689 1403 731 Alamanniam
1431 689 1585 746 guber-

86 746 240 799 nabat,
284 744 500 802 praesidio
538 742 701 786 locatus
736 745 892 799 fuerat,
935 761 989 787 ne
1027 746 1116 788 dux
1152 746 1361 788 Ernestus
1400 745 1585 802 praedas

87 807 163 845 aut
199 801 399 844 incendia
441 801 602 843 faceret
644 801 688 842 in
726 802 913 857 regione.
974 801 1130 844 Statim
1166 801 1257 843 dux
1296 802 1504 844 Ernestus
1543 807 1586 843 et

87 864 356 900 assecutores
400 857 467 899 sui
509 857 690 899 nimium
733 856 896 899 alacres
940 858 1081 900 effecti
1123 864 1242 911 sunt,
1291 858 1585 899 existimantes

86 914 265 956 iniurias
286 927 382 956 suas
404 913 488 956 cito
509 911 673 955 ulturos
694 912 784 955 fore
805 914 874 954 ina
903 914 1118 968 hostibus3
1149 920 1405 970 arreptoque
1435 915 1585 956 itinere

88 985 189 1013 suos
217 971 479 1012 insecutores
508 970 678 1026 insequi
703 984 780 1012 coe
815 977 950 1012 erunt.
999 970 1167 1012 Eadem
1187 971 1422 1012 intentione
1442 970 1587 1012 Mane-

119 1025 240 1069 oldus
276 1040 420 1068 comes
457 1031 500 1067 et
539 1026 613 1081 qui
643 1040 742 1067 cum
771 1024 841 1067 ilo
879 1026 1048 1068 fuerant
1085 1026 1169 1068 huc
1208 1033 1251 1069 et
1282 1025 1384 1068 illuc
1413 1040 1586 1083 progre-

135 1089 268 1135 entes,
296 1082 450 1124 itinera
480 1080 601 1122 ducis
633 1081 859 1137 diligenter
880 1081 1179 1125 observabant.
1237 1082 1335 1124 Hac
1361 1083 1588 1124 occasione

87 1139 304 1195 utrimque
330 1136 495 1191 collata,
524 1138 584 1179 ita
614 1138 830 1180 coniuncti
859 1144 972 1192 sunt,
1001 1146 1049 1181 ut
1078 1154 1123 1181 se
1153 1139 1339 1180 invicem
1368 1138 1516 1181 videre
1546 1145 1588 1181 et

88 1194 209 1237 affari
250 1200 440 1251 possent.
517 1193 655 1235 Erant
705 1199 849 1235 autem
895 1209 951 1236 ex
994 1201 1116 1251 parte
1160 1194 1409 1251 Manegoldi
1451 1194 1586 1236 multo
1601 1221 1680 1253 Aug·
1706 1221 1753 1249 1⁷.

86 1249 232 1308 plures
260 1249 416 1292 milites
447 1263 576 1306 quam
607 1249 660 1291 de
689 1257 810 1305 parte
839 1249 970 1292 ducis.
1626 1268 1651 1287 s.
1676 1261 1721 1287 ¹8.

257 1306 349 1348 Nec
378 1320 510 1360 mora,
542 1307 760 1361 congressi
787 1306 1042 1362 pugnabant
1070 1307 1225 1349 acriter
1255 1321 1417 1361 omnes,

88 1377 146 1406 ex
173 1368 296 1419 parte
326 1361 447 1404 ducis
479 1362 565 1415 ira,
608 1362 851 1416 ferocitate,
895 1362 1077 1405 audacia
1120 1363 1308 1416 incitati,
1355 1378 1410 1405 ex
1452 1361 1587 1405 altera

119 1425 209 1462 arte
238 1432 317 1474 pro
346 1417 502 1474 gloria,
541 1431 619 1474 pro
648 1419 987 1461 remuneratione
1017 1418 1234 1461 adducti2.
1292 1418 1353 1460 Hi
1413 1419 1457 1460 ui
1487 1433 1586 1460 cum

86 1433 195 1517 guae
223 1475 404 1527 fuerant,
434 1488 532 1515 cum
560 1472 668 1516 nihil
697 1474 749 1517 de
778 1475 867 1517 vita
897 1475 1146 1531 cogitarent,
1182 1489 1329 1518 omnes
1357 1433 1414 1517 a}
1442 1476 1586 1517 interi-

85 1539 179 1574 tum
216 1528 518 1587 properabant.
577 1530 685 1571 Dux
720 1545 822 1572 vero
861 1545 957 1572 cum
998 1532 1159 1574 nemini
1187 1537 1396 1587 parceret,
1427 1532 1472 1572 in
1501 1530 1584 1573 hoc

85 1585 248 1644 praelio
291 1586 506 1628 neminem
551 1586 633 1628 sibi
673 1593 920 1642 parcentem
971 1588 1182 1642 invenitss,
1233 1594 1276 1629 et
1318 1602 1345 1629 a
1387 1587 1584 1643 plurimis

84 1642 352 1696 vulneratus,
390 1648 607 1698 postremo
647 1642 894 1684 interfectus
926 1644 1142 1686 occubuit.
1201 1643 1269 1685 Ibi
1299 1643 1454 1686 cecidit
1482 1643 1584 1685 We-

85 1698 209 1742 zelob
234 1712 390 1752 comes,
420 1697 542 1740 miles
563 1698 698 1752 ducis,
730 1699 852 1740 cuius
881 1714 1012 1742 causa
1030 1699 1135 1742 haec
1157 1700 1301 1741 omnia
1319 1700 1583 1753 acciderant3

85 1753 347 1798 Adalbertus
377 1760 418 1795 et
446 1755 643 1809 Werin⁰‚
685 1754 849 1798 nobiles
878 1756 982 1810 viri,
1028 1762 1070 1798 et
1107 1754 1180 1797 alii
1218 1755 1340 1797 multi
1369 1755 1584 1798 interfecti

86 1816 186 1853 sunt
230 1811 305 1854 ibi.
362 1810 435 1851 Ex
477 1810 608 1853 altera
638 1816 759 1867 parte
803 1812 894 1867 ipse
924 1811 1209 1868 Manegoldus
1248 1826 1404 1867 comes,
1433 1818 1584 1854 auctor

86 1867 218 1910 huius
249 1866 576 1922 congressionis,
607 1867 784 1921 cecidit,
827 1874 869 1909 et
937 1867 1050 1910 lures
1089 1867 1161 1910 alii
1191 1882 1352 1910 secum.
1413 1867 1583 1923 Corpus

85 1923 258 1966 Ernesti
293 1922 414 1964 ducis
449 1923 494 1964 in
524 1922 818 1965 Constantiam
849 1883 1050 1978 delatum,
1090 1925 1210 1981 prius
1239 1930 1419 1980 accepta
1447 1923 1584 1966 indul-

84 1980 232 2036 gentia
259 1994 286 2020 a
304 1985 515 2035 potestate
535 1978 770 2036 episcopali
787 1994 867 2036 pro
888 1980 1346 2034 excommunicatione,
1374 1980 1420 2022 in
1449 1979 1584 2023 eccle-

85 2036 150 2078 sia
179 2042 350 2077 sanctae
370 2034 533 2077 Mariae
554 2034 768 2091 sepultum
790 2043 866 2078 est.
918 2036 1086 2093 Corpus
1106 2036 1355 2093 Manegoldi
1374 2037 1419 2078 in
1438 2037 1583 2093 Augia

83 2089 370 2134 subterratum
400 2097 476 2133 est.

253 2146 425 2188 Accidit
454 2146 535 2188 hoc
565 2146 723 2189 bellum
755 2162 924 2204 semper
952 2147 1196 2191 miserabile
1226 2147 1420 2202 multum,

87 2203 183 2246 15³¹
212 2201 505 2246 Kalendarum
533 2201 863 2260 Septembrium.
933 2203 1031 2246 Hoc
1062 2218 1160 2246 cum
1189 2205 1442 2246 nunciatum
1472 2210 1585 2247 esset

85 2259 346 2316 imperatori,
374 2258 508 2301 fertur
536 2258 716 2301 dixisse:

286 2315 412 2357 ‘Raro
444 2329 570 2357 canes
599 2314 738 2357 rabidi
767 2315 976 2358 foeturam
1005 2315 1414 2373 multiplicabunt'4.

205 2410 236 2444 a)
264 2411 337 2436 deest
360 2413 386 2438 1.
497 2410 530 2446 b)
551 2412 674 2439 Weeilo
697 2412 732 2444 13
763 2412 884 2439 Wecilo
905 2413 937 2438 in
957 2420 1049 2445 marg.
1073 2413 1112 2439 al.
1135 2413 1267 2439 Wehelo
1290 2413 1323 2444 25
1354 2413 1475 2439 Wezilo
1486 2412 1580 2439 Zwetl.

87 2449 115 2483 c)
147 2450 332 2477 Adelbertus
353 2453 385 2477 et
405 2451 518 2477 Iwerin
541 2453 566 2477 1.
591 2452 623 2483 23
655 2451 691 2483 cf.
723 2451 831 2478 Herim.
854 2451 929 2484 Auq.
952 2453 991 2478 ad
1011 2460 1039 2479 a.
1066 2452 1153 2479 1030.
1246 2451 1279 2486 d)
1310 2452 1352 2477 ita
1377 2453 1402 2478 1.
1426 2453 1457 2484 23
1487 2452 1583 2482 Zwetl,

86 2489 168 2515 habet
189 2489 216 2516 5.
236 2489 305 2515 Kal.
330 2489 414 2522 Sept.
444 2491 501 2516 hoc
532 2493 633 2516 actum
656 2493 721 2523 est3
762 2491 821 2516 alio
852 2494 946 2517 autem
974 2492 1035 2517 loco
1063 2492 1156 2520 Zwetl,
1184 2492 1258 2516 sicut
1286 2491 1485 2517 Herimannue
1506 2491 1581 2524 Aug.

85 2531 111 2555 et
131 2529 280 2561 Necroloq.
309 2529 393 2561 Auo..
421 2529 561 2562 Sangall„
584 2529 695 2557 Αηηαῑ.
731 2530 899 2563 Wirziburq.
932 2531 994 2566 alii,
1026 2532 1102 2557 hanc
1129 2538 1187 2556 rem
1220 2531 1266 2556 16.
1289 2531 1353 2558 Kal.
1376 2530 1451 2562 Sept.
1467 2530 1581 2562 factam

85 2575 144 2594 me
164 2571 281 2594 narrat.

211 2638 250 2683 1)
286 2639 426 2673 Hodie=
453 2638 510 2673 die
535 2640 652 2682 Baar,
686 2639 845 2674 mawima
864 2652 956 2684 pars
975 2640 1206 2684 principatus
1238 2639 1582 2683 Farstenbergensis.

87 2688 126 2732 2)
154 2688 208 2733 Qf.
235 2686 326 2722 Sall.
354 2687 429 2721 Cat.
457 2700 486 2722 c.
506 2688 552 2720 58
579 2695 610 2722 et
635 2689 718 2734 Juq.
745 2701 773 2723 c.
801 2691 856 2724 13.
958 2691 998 2734 3)
1025 2690 1113 2724 Sall.
1139 2690 1212 2723 Oat.
1240 2701 1269 2723 c.
1290 2690 1355 2722 61:
1383 2690 1435 2722 ita
1462 2689 1581 2722 cuncti

86 2748 172 2772 suae
191 2738 415 2780 hostiumque
434 2739 530 2770 vitae
548 2738 647 2771 iuxta
670 2742 916 2783 pepercerant.
993 2736 1034 2785 4)
1053 2738 1297 2772 Proverbium.
1343 2736 1394 2780 Of.
1413 2737 1531 2772 Prora
1549 2743 1580 2771 et

81 2786 217 2830 puppis
243 2786 313 2830 (ecl.
335 2786 507 2828 Bartsch,
526 2786 720 2820 Germania
741 2787 889 2829 XVIII,
911 2787 1000 2832 319)
1033 2799 1065 2822 v.
1097 2789 1177 2822 100.
1202 2789 1330 2831 9l0³⁸·=
1358 2787 1580 2820 Rabidorum

88 2845 215 2869 canum
241 2846 320 2869 raro
347 2835 501 2868 vidimus
536 2835 799 2869 multitudinem
831 2847 898 2870 nec
934 2837 1135 2871 diuturnam
1170 2842 1264 2870 stare
1298 2836 1579 2878 generationem.

1271 2892 1333 2934 3*
