1864 3250
320 265 364 296 12
646 265 856 300 WIPONIS
885 266 1040 300 GESTA
1069 266 1359 301 CHUONRADI
1384 267 1483 300 IMP.

216 390 304 418 1024.
317 391 418 419 vero
439 375 493 418 ab
516 375 674 418 Ottone
694 375 802 418 duce
822 377 1087 419 Francorum
1113 384 1235 419 natos
1255 378 1498 433 accepimus
1519 392 1617 420 cum
1637 377 1806 421 duobus

317 432 410 473 aliis
439 432 640 473 Brunone
671 438 713 473 et
749 431 1027 486 Willihelmo,
1065 448 1119 475 ex
1155 433 1309 489 quibus
1339 434 1509 487 Bruno,
1549 433 1808 490 apostolicae

317 488 430 530 sedis
460 487 678 529 Romanae
709 486 913 529 ecclesiae
942 502 1056 543 papa
1085 488 1274 542 effectus,
1309 495 1470 531 mutato
1501 490 1671 532 nomine
1701 489 1808 532 Gre-

316 545 462 599 gorius
511 541 750 598 appellatus
805 549 885 596 est3
935 543 1221 586 Willihelmus
1268 544 1432 586 factusa
1479 545 1806 601 Argentinensis

317 599 522 640 ecclesiae
553 599 794 654 episcopus,
830 600 938 640 miro
969 599 1096 641 modo
1128 614 1222 641 eam
1252 599 1533 643 sublimavitl.
1591 600 1807 644 Praedicti

317 655 402 696 duo
435 653 690 696 Chuonones
720 669 820 696 cum
850 660 1008 710 essent,
1039 662 1087 698 ut
1117 655 1279 698 dictum
1310 661 1396 708 est,
1436 670 1492 698 ex
1529 662 1651 712 parte
1689 656 1807 712 geni-

315 717 457 752 torum
476 708 769 764 nobilissimib,
798 710 913 752 haud
943 726 1063 753 secus
1094 726 1150 753 ex
1167 718 1358 753 materno
1379 726 1534 767 genere
1555 711 1806 755 claruerant.

316 766 499 807 Iunioris
521 764 768 808 Ohuononis
798 772 932 808 mater
952 766 1189 809 Mahthilda
1226 766 1278 808 de
1308 766 1396 808 filia
1417 766 1663 810 Ohuonradi
1691 768 1806 824 regis

315 821 619 877 Burgundiaec
647 828 748 863 nata
766 822 858 864 fuit.
916 823 1091 864 Maioris
1115 822 1362 864 Chuononis
1382 828 1518 865 mater
1539 822 1807 866 Adalheidad

314 892 372 919 ex
390 876 682 919 nobilissimae
703 885 830 933 gente
850 878 1223 934 Liutharingorum
1252 878 1430 920 oriunda
1448 878 1624 923 fuerat‘.
1684 878 1806 932 Quae

314 932 555 974 Adalheida
597 947 717 974 soror
760 940 851 976 erat
880 935 1085 975 comitum
1124 933 1334 976 Gerhardi
1371 941 1413 976 et
1442 933 1687 988 Adalberti,
1731 935 1807 991 qui

316 1003 483 1044 semper
513 1003 611 1030 cum
639 989 814 1044 regibus
844 997 886 1032 et
915 989 1098 1031 ducibus
1136 989 1432 1045 confligentes,
1475 989 1532 1031 ad
1568 996 1807 1032 extremum

316 1052 497 1086 causaeg
516 1044 748 1101 propinqui
760 1046 778 1072 ¹¹
796 1046 863 1086 sui
883 1044 1131 1087 Chuonradi
1150 1046 1262 1100 regis
1282 1046 1375 1087 vixi
1395 1045 1805 1102 acquiescebantk·²;

315 1114 496 1157 quorum
526 1107 736 1156 parentes,
776 1108 824 1143 ut
861 1101 1006 1155 fertur,
1041 1101 1094 1144 de
1133 1102 1307 1157 antiquo
1338 1116 1494 1157 genere
1524 1101 1807 1144 Troianorum

314 1171 466 1210 regum
496 1163 714 1210 venerant,
745 1158 819 1213 qui
850 1157 928 1198 sub
957 1156 1083 1199 beato
1109 1158 1303 1212 Remigio
1326 1157 1565 1199 confessore
1584 1158 1686 1214 iugo
1706 1157 1807 1199 fidei

316 1212 425 1254 colla
455 1213 754 1268 supponebant
768 1220 795 1253 ³.
853 1213 905 1254 In
933 1213 999 1255 his
1030 1212 1210 1266 duobus,
1240 1213 1285 1254 id
1315 1218 1378 1255 est
1406 1213 1452 1254 in
1480 1213 1641 1256 maiore
1666 1212 1806 1255 Ohuo-

313 1283 424 1310 none
455 1275 496 1310 et
524 1268 733 1321 iuniore1,
773 1268 847 1310 diu
877 1267 1093 1324 pendebat
1121 1268 1285 1326 reliqua
1323 1267 1542 1323 nobilitas3
1580 1274 1623 1311 et
1689 1282 1806 1311 uam-

316 1338 445 1380 quam
479 1325 685 1365 maiorem
721 1323 1003 1366 Chuononem
1043 1325 1259 1367 secretiori
1295 1323 1472 1366 consilio
1507 1329 1549 1366 et
1577 1325 1648 1367 avi
1680 1339 1704 1366 o
1736 1324 1806 1368 de-

313 1380 470 1421 siderio
514 1386 690 1436 propter
731 1380 931 1422 virtutem
976 1386 1018 1422 et
1051 1381 1306 1437 probitatem
1349 1380 1464 1422 illius
1505 1394 1616 1436 pene
1659 1394 1807 1423 omnes

316 1435 533 1491 eligerent,
563 1443 708 1478 tamen
735 1442 910 1492 propter
938 1437 1114 1479 iunioris
1148 1437 1395 1492 potentiam,
1433 1451 1487 1478 ne
1525 1450 1604 1492 pro
1634 1435 1807 1478 honoris

314 1492 547 1534 ambitione
568 1491 835 1545 dissiderent,
855 1493 1043 1534 animum
1064 1508 1187 1534 suum
1207 1493 1427 1548 ingeniose
1449 1492 1666 1549 quisquem
1686 1491 1807 1534 dissi-

315 1547 519 1590 mulabat.
577 1547 648 1589 Ad
676 1554 915 1590 extremum
944 1563 1045 1591 vero
1076 1548 1223 1591 divina
1247 1547 1517 1604 providentia
1537 1548 1729 1604 contigit,
1759 1554 1808 1590 ut

314 1605 399 1660 ipsi
441 1605 552 1645 inter
594 1619 640 1645 se
686 1604 961 1646 convenirent
998 1604 1183 1660 quodam
1220 1611 1346 1660 pacto
1385 1604 1430 1644 in
1466 1610 1554 1645 tam
1591 1603 1724 1646 dubia
1757 1618 1803 1645 re

315 1660 417 1702 satis
444 1659 724 1713 convenienti,
755 1660 912 1716 quodn‚
943 1661 979 1701 si
1008 1675 1134 1716 quem
1163 1658 1331 1702 illorum
1360 1660 1496 1701 maior
1525 1673 1625 1716 pars
1654 1658 1805 1716 populi

312 1715 519 1770 laudaret,
549 1714 655 1757 alter
684 1714 823 1758 eidem
854 1716 944 1758 sine
974 1730 1094 1758 mora
1123 1716 1306 1758 cederet.

482 1772 675 1813 Aestimo
706 1771 823 1828 quod
852 1772 1029 1828 dignum
1060 1774 1114 1815 sit
1143 1771 1282 1814 dicere
1295 1778 1324 1826 ⁴,
1360 1785 1444 1827 qua
1472 1771 1636 1813 ratione

566 1827 706 1869 Maior
735 1827 914 1870 Ohuono
945 1843 1070 1869 suum
1099 1827 1289 1884 prodidit
1316 1827 1548 1883 ingenium,

311 1898 398 1926 non
442 1882 557 1940 quod
595 1884 687 1939 ipse
724 1883 971 1940 desperaret
1009 1891 1206 1939 regere0,
1250 1883 1364 1925 unde
1406 1884 1492 1924 iam
1533 1887 1686 1924 nutum
1719 1882 1805 1924 Dei

311 1940 557 1996 principum
596 1939 797 1981 cordibus
846 1940 1127 1995 inspiratump
1170 1940 1385 1995 percepit,
1434 1937 1511 1979 sed
1547 1944 1595 1981 ut
1632 1939 1805 1994 cognati

312 1996 522 2049 animum,
568 2009 652 2051 quo
692 1996 833 2037 minus
870 1997 916 2037 in
951 1996 1073 2037 novis
1106 1995 1234 2038 rebus
1264 1993 1606 2051 perturbaretur,
1652 1993 1804 2036 confir-

312 2058 461 2093 maret.
520 2050 617 2092 Hac
637 2051 797 2107 igitur‘l
817 2052 1183 2106 praestantissima
1205 2052 1394 2093 oratione
1414 2049 1533 2091 illum
1553 2047 1802 2106 alloquitur:

313 2107 472 2149 ‘Rebus
501 2107 717 2162 prosperis
742 2107 1002 2163 condignum
1035 2106 1240 2162 gaudium
1270 2121 1351 2148 nec
1378 2105 1598 2161 gravitatis
1627 2104 1804 2147 modum

308 2162 485 2204 excedit
522 2176 602 2204 nec
641 2177 900 2219 quemquam
938 2164 1155 2217 ingratum
1194 2177 1287 2204 esse
1324 2169 1432 2219 proq
1461 2161 1649 2226 acceptis
1678 2159 1805 2203 bene-

313 2218 421 2259 ficiis
451 2219 571 2272 sinit3
617 2224 685 2260 et‘l
721 2218 832 2260 sicut
869 2219 915 2260 in
953 2219 1145 2261 adversis
1182 2218 1444 2275 dampnosar
1477 2215 1804 2274 puslllanimitas

432 2325 463 2360 a)
485 2327 584 2353 factus
606 2329 652 2353 est
678 2326 714 2352 A.
739 2328 765 2353 1.
846 2326 878 2360 b)
913 2328 1176 2354 nobilissimorum
1206 2329 1232 2354 1.
1314 2326 1342 2361 c)
1373 2325 1579 2352 Lombardiae
1610 2326 1640 2357 1;
1661 2325 1804 2356 Burgun-

314 2367 383 2392 diae
405 2365 494 2400 (alias
515 2365 763 2400 Longobardiae)
786 2367 813 2392 2.
895 2365 926 2400 d)
948 2366 1116 2392 Adelberta
1139 2369 1172 2400 ¹3
1193 2366 1362 2393 Adelberta
1383 2366 1444 2400 (vel
1455 2365 1622 2398 Ademtum,
1643 2365 1693 2390 vel
1711 2363 1804 2391 Adel-

311 2404 424 2439 heyda)
445 2406 474 2431 2.
566 2403 595 2439 e)
625 2406 819 2431 nobilissima
841 2405 1090 2440 (gloriosissima)
1121 2407 1148 2432 2.
1249 2406 1273 2438 f)
1302 2406 1412 2438 fuerat,
1440 2404 1574 2431 conradi
1596 2404 1689 2437 reg-is,
1717 2410 1806 2429 soror

314 2447 380 2470 erat
402 2445 547 2470 comitum
570 2446 596 2471 1.
688 2444 718 2478 g)
751 2452 845 2471 causa
867 2446 894 2470 2.
914 2446 1008 2472 Zwetl.
1093 2444 1124 2478 h)
1156 2446 1265 2478 populi
1288 2447 1315 2471 1.
1404 2442 1426 2477 i)
1455 2444 1528 2469 decet
1552 2444 1578 2468 1.
1657 2441 1691 2477 k)
1720 2443 1806 2475 quio-

315 2484 443 2509 scebant
470 2484 565 2509 Zwetl.
647 2482 671 2517 l)
694 2485 816 2511 iuniore
838 2483 982 2518 (minore)
1007 2486 1034 2511 2.
1116 2483 1158 2516 m)
1182 2485 1347 2516 quisquam
1370 2485 1395 2510 1.
1476 2482 1510 2516 n)
1532 2484 1566 2508 ut
1586 2482 1613 2509 2.
1694 2479 1726 2516 ο)
1749 2488 1805 2508 rex

314 2523 382 2549 fieri
404 2524 432 2549 2.
514 2521 546 2556 p)
568 2523 716 2555 inspirari
738 2523 945 2558 (inspiratum)
969 2525 998 2549 2.
1079 2522 1110 2557 q)
1132 2524 1205 2549 decet
1229 2525 1256 2550 1.
1338 2521 1364 2556 r)
1388 2528 1500 2554 magna.
1522 2523 1549 2548 1.

439 2608 475 2652 1)
510 2609 550 2643 V.
577 2610 676 2652 infra
703 2622 730 2642 c.
751 2610 809 2643 22.
836 2615 868 2643 et
892 2609 1024 2644 Annal.
1049 2608 1283 2644 Hildeshez'm.
1313 2608 1418 2641 1029.
1520 2606 1559 2651 2)
1588 2606 1642 2651 ΟΥ.
1659 2605 1803 2641 Sueton.

321 2657 387 2690 Tit.
413 2670 442 2690 c.
473 2659 510 2690 7:
538 2660 795 2701 acquieverunt
820 2660 999 2702 principes
1026 2662 1216 2702 sequentes
1243 2658 1298 2691 his
1325 2658 1468 2699 amicis;
1510 2656 1584 2691 Tib.
1610 2668 1639 2691 c.
1666 2656 1734 2689 31:
1766 2658 1806 2689 ut

310 2711 522 2750 *praesentes
549 2708 674 2740 honori
698 2708 988 2750 acquiescerent3
1014 2718 1048 2741 v.
1066 2708 1167 2750 infra
1178 2718 1218 2750 p.
1241 2707 1304 2738 15:
1332 2710 1519 2749 utrumque
1538 2705 1682 2739 illorum
1699 2704 1805 2738 alteri

315 2756 551 2798 acquievisse.
658 2754 698 2798 3)
726 2757 758 2789 2.
789 2755 893 2790 Esdr.
913 2757 947 2796 3,
967 2757 1004 2789 5:
1044 2767 1114 2790 non
1139 2758 1406 2798 supposuerunt
1432 2754 1527 2787 colla
1547 2764 1612 2788 sua.
1636 2754 1674 2786 in
1697 2763 1805 2796 opere

315 2804 462 2837 Domini
487 2805 561 2845 sui3
588 2804 633 2846 cf.
652 2803 730 2837 Act.
743 2803 867 2847 Apoet.
888 2805 944 2844 15,
963 2805 1019 2838 10.
1119 2804 1160 2847 4)
1187 2802 1276 2837 Sall.
1297 2802 1381 2848 Juq.
1397 2814 1427 2837 c.
1445 2803 1508 2836 70:
1531 2813 1602 2837 non
1617 2801 1805 2846 indignum

310 2853 459 2886 ‘videtur
481 2877 490 2886 .
517 2877 525 2886 .
555 2878 563 2887 .
590 2863 798 2886 memorare.
