1864 3250
401 267 611 302 WIPONIS
639 267 793 302 GESTA
820 265 1112 301 OHUONRADI
1138 265 1238 298 IMP.
1522 265 1564 296 11

70 380 232 425 vidisse
267 386 422 424 antean
459 394 547 422 non
583 380 770 421 memini.
829 379 881 421 In
920 392 1005 434 quo
1042 383 1257 420 conventu
1292 376 1396 433 quid
1425 383 1671 419 actum1024.

73 438 130 480 sit
157 437 334 490 dignum
362 437 582 490 memoria,
614 435 800 478 scribere
830 449 916 476 non
945 433 1152 476 differam.

475 540 514 582 2.
572 540 655 582 De
692 538 965 582 electione
1002 538 1164 594 regis.

185 610 304 652 Inter
322 609 572 665 Moguntiae
593 607 778 650 confinia
808 613 849 650 et
870 607 1134 648 Wormatiae
1158 604 1278 647 locus
1299 605 1389 647 estb
1420 603 1569 660 ampli-

73 665 241 720 tudine,
301 664 463 707 lanitiei
501 679 629 706 causa
639 672 667 718 ⁰,
703 662 990 706 multitudinis
1021 662 1235 704 maximae
1266 659 1526 717 receptibilis
1537 660 1567 713 d,

74 737 130 764 ex
164 723 231 764 ins
278 735 402 763 arum
440 728 641 763 recessue
678 719 734 761 ad
773 726 958 761 secretas
986 718 1081 760 ress
1107 717 1352 760 tractandas
1382 722 1498 759 tutus
1529 723 1571 758 et

72 777 248 833 habilis3
290 777 367 820 sed
403 777 456 820 de
495 775 732 819 vocabulo¹
772 782 814 818 et
850 776 934 817 situ
964 774 1048 816 loci
1076 773 1246 831 plenius
1277 773 1420 816 dicere
1449 779 1570 828 topo-

73 834 277 890 graphis&
305 832 514 890 relinquo,
547 847 626 889 ego
657 838 800 874 autem
825 830 879 873 ad
900 832 1118 887 inceptum
1138 829 1267 872 redeo
1281 836 1309 871 ².
1367 829 1436 872 Ibi
1466 829 1570 871 dum

74 890 373 932 convenissent
402 889 543 931 cuncti
572 890 788 944 primateS,
820 894 861 930 et
890 893 938 929 ut
966 888 1026 928 ita
1050 886 1192 928 dicam
1212 887 1324 928 vires
1345 892 1387 928 et
1405 885 1570 927 viscera

73 946 244 1002 regniss,
289 946 350 987 cis
395 952 438 988 et
472 945 608 987 citrah
652 945 847 986 Rhenum
879 950 1018 985 castra
1053 942 1266 984 locabant.
1337 942 1423 995 Qui
1468 939 1570 982 dum

75 1000 261 1045 Galliam
290 1017 317 1044 a
347 1001 579 1044 Germania
607 1000 798 1053 dirimat,
844 1014 898 1041 ex
932 1005 1053 1055 parte
1085 998 1344 1041 Germaniae
1376 997 1570 1040 Saxones
1619 1013 1622 1055 5

74 1072 172 1100 cum
215 1057 298 1100 sibi
340 1057 635 1099 adiacentibus
681 1055 871 1109 Sclavis,
915 1055 1073 1097 Franci
1117 1053 1365 1107 orientales,
1410 1053 1570 1106 Norici,

74 1113 305 1156 Alamanni
355 1127 606 1155 convenere.
677 1113 747 1154 De
793 1111 933 1154 Gallia
975 1125 1078 1153 vero
1122 1111 1280 1152 Franci
1324 1110 1396 1166 qui
1441 1123 1572 1164 supra

74 1169 273 1212 Rhenum
321 1169 535 1222 habitant,
584 1168 800 1222 Ribuarii,
850 1166 1121 1222 Liutharingi
1178 1165 1407 1208 coadunati
1461 1171 1570 1207 sunt.

77 1225 307 1279 Quaeritur
349 1225 402 1268 de
439 1241 486 1267 re
530 1239 709 1278 summa,
795 1222 1015 1266 dubitatur
1052 1223 1105 1265 de
1145 1221 1350 1265 electione
1394 1222 1570 1273 incerta,

74 1283 187 1325 inter
229 1297 350 1338 spem
393 1288 435 1324 et
463 1286 654 1323 metum*
696 1280 906 1337 suspensi,
1006 1278 1168 1321 alterna
1213 1278 1425 1321 desideria
1469 1292 1569 1318 cum

74 1338 260 1381 invicem
291 1339 476 1394 cognati,
553 1338 663 1379 tumi
705 1337 816 1378 inter
845 1351 890 1379 se
914 1335 1143 1377 familiares
1165 1334 1404 1377 diutissime
1425 1332 1572 1390 explo-

71 1392 237 1437 rabant.
286 1393 437 1451 Neque
463 1394 582 1436 enim
613 1393 666 1435 de
695 1392 900 1435 mediocri
919 1407 964 1434 re
986 1391 1294 1434 consulendum
1313 1391 1465 1444 fuerat,
1496 1389 1572 1431 sed

74 1450 128 1494 de
149 1464 201 1493 ea
229 1465 339 1507 quae
368 1451 452 1492 nisi
480 1450 659 1492 ferventi
688 1455 861 1505 pectore
892 1449 1081 1490 maximo
1109 1447 1249 1490 studio
1271 1452 1527 1503 coqueretur
1538 1446 1571 1499 ¹¹,

75 1506 131 1549 ad
191 1507 384 1549 ernitiem
414 1512 551 1548 totum
583 1520 736 1561 corpus
758 1505 878 1561 regni
898 1505 1229 1547 terminaretur¹.
1324 1504 1383 1545 Et
1411 1509 1457 1544 ut
1476 1517 1572 1558 pro-

73 1578 148 1606 ver
179 1563 233 1604 iis
254 1562 552 1605 communibus
573 1563 712 1604 *utarz
734 1561 939 1617 ‘Expedit
959 1561 1057 1602 orim
1077 1561 1187 1603 bene
1209 1575 1392 1616 coquere
1413 1559 1570 1612 cibum,
1587 1574 1636 1610 *μ
1659 1575 1729 1603 258.

75 1619 151 1676 qui
166 1619 324 1661 crudus
340 1624 535 1675 sumptus
561 1624 737 1674 generat
758 1616 1026 1674 periculum'3
1133 1623 1175 1659 et
1194 1622 1242 1658 ut
1261 1617 1401 1658 aiunt:
1423 1615 1571 1658 ‘Medi-

76 1689 226 1718 camen
246 1676 292 1717 in
311 1674 444 1717 oculis
460 1674 720 1731 ponendum,
779 1681 903 1716 caute
919 1680 983 1716 est
997 1672 1338 1729 providendum'.
1373 1671 1570 1715 Eodemn

76 1731 203 1774 modo
249 1746 346 1773 cum
390 1731 465 1773 diu
508 1736 741 1773 certaretur
784 1730 879 1787 quis
924 1744 1104 1785 regnare
1143 1729 1335 1782 deberet,
1387 1743 1570 1785 cumque

77 1787 210 1829 alium
238 1794 355 1830 aetas
384 1786 453 1829 vel
481 1787 607 1828 nimis
638 1787 868 1828 immatura
896 1784 967 1827 vel
995 1784 1106 1827 ultra
1125 1785 1303 1827 modum
1323 1792 1529 1841 provecta
1540 1792 1570 1837 ⁵,

76 1842 207 1886 alium
237 1844 370 1886 virtus
399 1842 670 1900 inexplorata
682 1850 711 1896 ⁰,
751 1842 961 1899 quosdam
996 1841 1245 1884 insolentiae
1275 1855 1408 1883 causa
1437 1841 1569 1882 mani-

74 1899 210 1942 festav
254 1905 518 1942 recusaret‘l:
562 1899 671 1941 inter
714 1898 869 1940 multos
914 1898 1040 1954 pauci
1086 1897 1210 1940 electi
1247 1903 1367 1951 sunt,
1410 1903 1477 1939 etr
1517 1897 1570 1939 de

75 1956 225 2013 paucis
254 1955 489 1998 admodum
526 1955 610 1997 duo
647 1956 900 2012 sequestrati
935 1960 1053 2008 sunt,
1099 1955 1144 1995 in
1189 1954 1343 2010 quibus
1388 1968 1571 1995 examen

76 2018 329 2067 extremum,
359 2026 624 2054 summorum
643 2012 834 2053 virorum
854 2025 1022 2052 summa
1042 2009 1262 2066 diligentia
1283 2009 1381 2051 dius
1413 2008 1570 2052 delibe-

74 2075 228 2122 ratum,
257 2069 301 2110 in
329 2068 504 2110 unitatis
532 2075 691 2124 puncto
711 2067 882 2110 tandem
905 2067 1078 2124 quievit.
1137 2067 1275 2108 Erant
1297 2066 1402 2108 duot
1432 2065 1573 2108 Ohuo-

74 2139 232 2179 nones,
272 2138 458 2181 quorum
499 2139 633 2176 unus,
683 2124 799 2180 quod
841 2123 1015 2165 maioris
1059 2123 1211 2165 aetatis
1255 2129 1387 2176 esset,
1436 2123 1573 2164 maior

76 2180 256 2223 Chuono
299 2180 556 2232 vocabatur,
600 2179 706 2222 alter
739 2186 883 2222 autem
921 2179 1092 2221 iunioru
1124 2179 1304 2222 Ohuono
1335 2178 1570 2232 dicebatur,

77 2236 205 2279 ambo
226 2237 271 2278 in
290 2237 476 2278 Francia
496 2235 763 2278 Theutonica
790 2234 1059 2289 nobilissimi,
1089 2250 1145 2278 ex
1174 2234 1341 2277 duobus
1369 2234 1573 2277 fratribus

76 2293 179 2346 nati,
210 2307 392 2349 quorum
422 2291 529 2335 alter
558 2291 735 2334 Hezzilv
765 2298 807 2334 et
836 2291 941 2334 alter
958 2291 1139 2334 Chuono
1169 2291 1308 2333 dictus
1339 2297 1423 2346 est3
1453 2292 1573 2347 ipsos

196 2399 227 2434 a.)
249 2403 341 2428 antea
363 2402 446 2428 enim
467 2402 574 2427 lacuna
596 2403 751 2427 conventu
774 2402 800 2426 1.
854 2399 886 2434 b)
908 2401 983 2426 deese
1006 2402 1032 2427 l.
1116 2399 1143 2433 c)
1167 2407 1240 2426 eura
1250 2400 1343 2426 Zwetl.
1416 2399 1447 2434 d)
1470 2408 1573 2434 recep-

77 2439 181 2466 tabilis
210 2440 303 2466 Zwetl.
413 2439 442 2474 e)
481 2448 520 2467 ex
549 2442 570 2466 i.
603 2448 727 2467 recessu
758 2441 876 2473 desunt5
908 2441 1015 2466 lacuna
1048 2441 1075 2466 1.
1183 2438 1208 2472 f)
1241 2446 1291 2465 res
1323 2441 1447 2472 imperii
1479 2441 1573 2468 Zwecl.

76 2477 107 2512 g)
128 2480 329 2513 typographis
352 2481 378 2506 1.
440 2478 471 2512 h)
494 2481 578 2506 circa
601 2482 625 2506 1.
641 2482 674 2513 2;
696 2480 857 2505 emandavit
885 2479 982 2508 Waitz.
1048 2478 1072 2513 i)
1094 2480 1208 2505 tunel.
1270 2478 1302 2512 k)
1316 2483 1523 2512 conqueretur
1545 2481 1573 2508 1.

74 2517 98 2551 1)
120 2519 302 2545 terminaret
323 2521 350 2546 1.
409 2519 451 2552 m)
475 2521 559 2546 enim
583 2521 610 2547 1.
673 2518 705 2553 n)
727 2520 772 2545 Eo
797 2520 822 2547 1.
884 2518 914 2552 o)
936 2519 1097 2551 utriusque
1118 2519 1283 2551 inexperta
1303 2519 1393 2544 Zwetl.
1435 2518 1468 2552 p)
1492 2527 1518 2546 e.
1532 2527 1572 2547 m.

77 2558 170 2585 Zwetl.
252 2557 284 2591 q)
306 2561 463 2584 recusaret
485 2562 515 2585 et
538 2560 565 2584 l.
653 2558 679 2592 r)
700 2562 730 2585 et
749 2566 840 2591 usque
861 2561 933 2584 sunt
953 2559 1055 2584 desum
1081 2559 1105 2584 1.
1198 2557 1224 2593 s)
1245 2558 1347 2586 deestl.
1434 2557 1457 2592 t)
1481 2559 1524 2585 ibi
1545 2560 1570 2586 1.

77 2595 111 2631 u)
133 2598 236 2623 minor
245 2598 338 2623 Zwecz.
406 2596 438 2631 v)
460 2598 571 2624 Heihel
590 2600 623 2631 13
644 2599 753 2624 Hetzcl
776 2599 812 2631 23
833 2599 923 2624 Hezil
944 2599 1036 2625 Zwen.

203 2671 240 2715 1)
265 2672 408 2706 Kamba
439 2679 608 2714 vocatum
634 2686 668 2708 v.
701 2673 840 2708 Herim.
868 2673 960 2719 Aug.
989 2674 1096 2707 1024.
1124 2678 1156 2707 et
1180 2673 1364 2717 epistolam
1395 2674 1574 2708 Bernom‘s

81 2721 218 2755 abbatis
243 2720 433 2766 Auqiemis
459 2733 519 2765 ap.
547 2722 767 2756 Giesebrecht
793 2723 847 2764 II,
876 2724 958 2755 696.
1073 2721 1112 2766 2)
1151 2722 1191 2755 V.
1219 2734 1333 2766 supra
1352 2734 1393 2766 p.
1412 2724 1467 2757 10.
1485 2734 1521 2757 π.
1543 2724 1575 2758 1.

78 2770 117 2813 3)
160 2770 306 2805 Versus.-
343 2772 463 2804 cuncti
493 2772 675 2814 primates,
707 2773 801 2805 vires
836 2776 872 2805 et
904 2773 1045 2806 viscera
1077 2772 1193 2815 regni.
1298 2773 1334 2814 4)
1364 2771 1418 2815 Cf.
1443 2771 1575 2806 Horat.

77 2819 192 2862 Epist.
228 2819 260 2861 I,
286 2820 320 2859 4,
349 2820 413 2852 12:
445 2821 538 2852 inter
570 2831 670 2863 spem
705 2832 899 2864 curamque
936 2821 1074 2864 (May).
1201 2819 1239 2863 5)
1279 2819 1423 2856 Sueten.
1459 2820 1575 2854 Tiber.

77 2879 105 2903 c.
134 2867 200 2902 ὅδε
227 2871 348 2902 aetate
373 2872 573 2911 provectus.
