1864 3250
122 760 208 803 EX
251 759 593 803 ANNALIBUS
640 760 1173 804 SANGALLENSIBUS
1219 760 1566 804 MAIORIBUS.

207 897 358 940 *1024
399 896 658 939 Benedictus
689 911 805 953 papa
835 896 952 939 obiit,
994 897 1201 939 Heinrich
1221 897 1457 954 imperator
1478 897 1661 951 obiit,‘p.
1685 909 1734 937 83.

92 957 136 994 et
165 951 450 995 Chuonradus
479 952 594 1009 apud
624 953 888 1009 Magontiam
918 954 963 994 in
994 953 1124 995 natali
1155 959 1327 996 sanctae
1356 953 1518 996 Mariae
1552 954 1597 995 in
1611 967 1698 1001 sept.

92 1023 273 1065 regnum
304 1015 589 1052 consecratur.

209 1065 328 1108 1025.
376 1065 512 1108 Saeve
543 1065 825 1108 contentionis
855 1065 1017 1107 fomes³
1057 1066 1219 1108 exarsit
1248 1067 1292 1107 in
1323 1071 1595 1108 sacrosancto
1609 1079 1686 1113 Apr.
1709 1079 1759 1106 18.

93 1120 164 1163 die
193 1120 386 1178 paschali
415 1121 531 1178 apud
560 1121 828 1163 Vindelicam
860 1123 1102 1178 Augustam
1141 1123 1252 1164 inter
1289 1121 1596 1165 Chuonradum

91 1192 138 1219 re
170 1192 237 1220 em
259 1185 300 1221 et
318 1177 555 1234 patruelem
577 1178 667 1220 eius
688 1177 1008 1220 chuonradum.
1050 1178 1133 1220 Oui
1153 1178 1280 1220 etiam
1302 1178 1470 1232 Ernest,
1498 1192 1596 1220 con-

90 1191 290 1276 sobrinus
320 1234 424 1287 eius,
456 1234 547 1275 dux
570 1233 863 1288 Alamanniae,
896 1241 938 1277 et
954 1233 1230 1277 Welfhardus
1258 1249 1412 1288 comes,
1442 1241 1596 1291 postea

94 1289 396 1344 confoederati,
426 1289 552 1332 simul
582 1291 674 1346 regi
703 1289 908 1333 rebellare
940 1296 1038 1332 sunt
1058 1292 1164 1333 ausi.
1206 1290 1294 1333 Sed
1324 1291 1406 1333 hoc
1436 1297 1596 1333 temere

91 1346 352 1403 incoeptum,
382 1347 478 1388 Deo
507 1345 774 1402 prohibente,
806 1361 892 1389 non
922 1346 1072 1389 habuit
1101 1347 1314 1389 effectum.

208 1402 328 1445 1026.
372 1402 469 1445 Rex
489 1403 772 1445 Ohuonradus
792 1402 978 1445 natalem
998 1403 1178 1446 Domini
1198 1403 1463 1460 Aquisgrani
1493 1402 1599 1445 cele-

93 1458 256 1513 bravit,
287 1465 329 1501 et
359 1459 473 1501 circa
501 1474 681 1501 vernum
711 1465 880 1515 tempus
911 1459 1082 1502 Italiam
1112 1461 1355 1516 ingressus,
1386 1474 1481 1501 eam
1513 1459 1598 1501 sibi
1612 1477 1703 1503 Mart.

90 1529 230 1572 poene
258 1521 391 1558 totam
412 1516 473 1557 cis
495 1516 674 1557 Romam
696 1514 955 1572 subiugavit,
986 1516 1076 1558 sola
1095 1516 1243 1558 Lucca
1273 1516 1355 1558 sibi
1374 1515 1597 1558 resistente

97 1585 197 1613 cum
240 1571 482 1628 Reginbero
528 1572 789 1614 marchione.
850 1572 1005 1614 Heimo
1045 1572 1217 1629 praesul
1258 1571 1598 1615 Constantiensis

97 1626 356 1682 defungitur,
389 1634 431 1671 et
460 1628 598 1670 eidem
629 1627 862 1671 aecclesiae
893 1628 1182 1671 Warmannus
1213 1628 1473 1685 praeficitur.

211 1683 332 1727 1027.
363 1685 457 1726 Rex
487 1684 732 1740 praedictus
758 1684 939 1727 Romam
969 1686 1236 1741 perveniens,
1268 1700 1294 1727 a
1323 1684 1451 1727 beato
1481 1698 1596 1740 papa

96 1739 287 1782 Iohanne
321 1741 367 1782 in
407 1741 476 1783 die
513 1742 652 1783 sancti
691 1741 876 1798 paschae
905 1741 1196 1783 Romanorum
1225 1742 1459 1797 imperator
1489 1740 1701 1783 ordi-Mart.
1727 1754 1775 1783 2⁶.

95 1802 232 1838 natur.
276 1796 383 1838 Inde
411 1812 489 1853 per
507 1796 807 1839 Alamanniam
838 1803 1068 1852 revertens,
1099 1798 1226 1840 Ulme
1246 1796 1469 1854 publicum
1500 1810 1668 1839 con-1111.

94 1857 272 1895 ventum
299 1852 475 1906 indixit,
506 1852 653 1908 ibique
683 1853 913 1895 Ernestum
945 1853 1118 1908 ducem,
1159 1853 1323 1896 scilicet
1351 1854 1598 1910 privignum

96 1923 235 1963 suum,
266 1915 308 1951 et
323 1909 628 1952 Welfhardum
658 1910 857 1952 comitem
887 1908 1077 1967 aliosque
1107 1925 1203 1952 reos
1222 1910 1456 1952 maiestatis
1477 1909 1597 1951 seseb

96 1964 299 2007 dedentes
329 1966 529 2021 suscepit,
558 1966 675 2022 ipsos
709 1980 762 2008 ue
792 1981 870 2022 per
900 1965 1071 2009 diversa
1100 1965 1195 2008 loca
1229 1965 1449 2008 custodiae
1479 1980 1597 2006 man-

96 2020 305 2077 cipandos
355 2021 588 2078 deputavit.
711 2029 873 2065 astrum
921 2023 1048 2065 etiam
1128 2022 1214 2065 uod
1264 2020 1569 2077 Ohuigeburch
1585 2029 1597 2051 ¹

96 2076 254 2120 dicitur
282 2078 418 2120 tribus
449 2078 666 2120 mensibus
697 2078 931 2132 obsessum,
968 2079 1120 2122 Werin
1152 2094 1223 2122 ero
1255 2078 1411 2120 comite
1440 2077 1598 2120 frustra

95 2133 171 2176 diu
198 2139 479 2191 repugnante,
510 2133 683 2176 tandem
712 2133 766 2176 ab
797 2135 891 2190 ipso
921 2150 1022 2191 rege
1054 2136 1236 2191 capitur.
1287 2133 1434 2177 Gisela
1463 2135 1596 2190 impe-

95 2190 232 2232 ratrix
261 2189 387 2232 simul
416 2204 514 2232 cum
545 2190 632 2232 filio
663 2204 741 2232 suo
762 2190 967 2232 Heinrico
1000 2191 1304 2233 monasterium
1325 2191 1461 2232 sancti
1481 2188 1596 2232 Galli

95 2245 112 2287 i
193 2260 308 2300 essa,
358 2247 496 2288 xeniis
542 2247 850 2307 benignissime
895 2247 1028 2301 datis,
1073 2247 1380 2290 fraternitatem
1425 2245 1486 2288 ibi
1532 2250 1597 2288 est

97 2316 124 2344 a
155 2309 266 2359 epta.

211 2358 332 2401 1028.
380 2359 502 2401 Idem
549 2358 793 2413 Heinricus,
844 2359 1114 2415 imperatoris
1163 2358 1297 2409 filius,
1342 2365 1464 2415 patre
1515 2371 1593 2400 suo

96 2420 343 2471 praesente,
387 2416 431 2456 in
474 2415 543 2457 die
586 2415 854 2457 sanctissimo
892 2415 1079 2471 paschae
1119 2415 1383 2472 Aquisgrani
1426 2428 1452 2456 a
1487 2413 1685 2464 Pile-Apr.
1709 2429 1756 2459 ιι.

95 2470 234 2526 grimo
265 2469 466 2513 Coloniae
495 2470 816 2528 archiepiscopo
847 2477 1001 2514 unctus
1031 2479 1271 2515 coronatur.

214 2526 334 2569 1029.

212 2582 333 2625 1030.
376 2582 544 2637 Ernest,
574 2583 664 2625 dux
685 2582 1035 2638 Alamannorum,
1057 2584 1208 2627 vitrico
1240 2598 1316 2626 suo
1347 2582 1598 2640 imperatori

96 2636 237 2680 denuo
266 2637 436 2681 rebellis
467 2639 655 2694 effeetus,
685 2641 868 2696 gratiam
898 2654 1020 2683 suam
1051 2654 1149 2682 cum
1180 2640 1340 2682 ducatu
1369 2640 1523 2693 amisit,
1555 2644 1600 2681 et
1613 2654 1703 2680 Mart.
1725 2651 1776 2681 8⁹.

196 2745 227 2780 a)
248 2747 291 2773 ica
312 2747 391 2780 cod.,·
413 2747 510 2774 fames
532 2748 576 2774 ed.
657 2747 689 2782 b)
711 2749 754 2775 ita
774 2750 855 2782 cod.,·
877 2750 940 2777 lese
962 2751 1004 2778 ed.

198 2834 236 2879 1)
262 2834 422 2880 Kyburq,
450 2836 549 2870 haud
574 2837 700 2880 procul
724 2849 746 2870 a
773 2836 941 2872 Vitoduro
966 2838 1005 2872 in
1025 2850 1120 2883 paqo
1153 2837 1348 2872 Turicemi.
1401 2837 1442 2870 P.
