1864 3250
526 235 688 270 WIPON
690 234 736 268 IS
761 231 1094 268 TETRALOGUS.
1514 227 1560 262 59

173 348 318 406 Elegit
375 347 544 400 rimum,
575 347 628 389 de
659 360 743 403 qua
772 346 886 387 bona
913 350 1032 386 tanta
1060 348 1243 400 pararet.

20 426 29 433 ·
93 418 144 452 90
176 406 314 459 Quem
345 363 400 446 ge
428 410 555 459 gente
583 404 723 445 virum
755 401 968 444 Dominus
999 399 1258 441 discerneret
1287 404 1448 451 auctor,

176 461 263 515 Qui
290 460 400 502 foret
426 460 606 515 imperio
637 458 763 500 modo
792 464 891 514 post
919 456 1026 498 haec
1054 456 1194 511 aptior
1223 453 1337 496 isto‘?

176 517 347 570 Forma,
377 530 524 572 genuS,
557 515 748 572 probitas
779 512 1040 556 concordant
1070 511 1214 553 omnia
1242 510 1351 566 regi,

179 573 339 618 Omnia
369 572 639 625 conveniunt,
672 575 933 612 concurrunt
963 574 1116 609 cuncta
1144 581 1223 622 per
1252 565 1387 620 illum,

179 628 308 672 Solus
336 628 466 670 habet
494 634 644 681 totum,
675 625 792 683 quod
821 624 965 681 plures
995 629 1176 665 auxerat
1206 621 1319 664 olim.

96 697 145 732 95
179 684 319 738 Salve,
351 691 465 726 certa
526 684 617 725 uies
647 681 906 739 populorum
936 686 1128 736 tempore
1158 685 1324 733 nostro3

181 740 322 794 Salve,
352 755 442 797 pax
471 754 518 781 or
549 740 598 793 is,
629 737 778 780 mundi
807 737 1037 779 fortissima
1065 735 1207 788 turris,

179 797 337 839 Hostes
367 795 574 839 ecclesiae
604 810 713 852 quae
746 794 897 836 sternis
929 806 1098 848 semper
1127 789 1321 832 abunde!

180 853 307 896 Unde
338 853 403 894 sui
433 852 586 907 capitis
617 851 803 892 mundus
834 848 1048 906 praevidit
1076 847 1297 889 honorem.

180 909 250 952 Tu
279 914 412 965 caput
439 923 484 950 es
515 907 676 960 mundi,
708 913 838 962 caput
867 912 931 948 est
959 904 1037 947 tibi
1066 909 1205 945 rector
1236 902 1426 959 Olympi,

73 977 150 1012 100
183 964 317 1008 Cuius
346 965 540 1007 membra
568 964 683 1019 regis
713 963 824 1005 iusto
855 960 1145 1004 moderamine
1174 958 1294 1015 legis.

180 1021 307 1064 Tales
336 1019 428 1063 vult
455 1020 681 1073 Dominus,
714 1018 870 1076 quibus
902 1024 966 1060 est
994 1016 1100 1058 haec
1130 1017 1320 1057 maxima
1350 1015 1499 1067 virtus,

180 1077 303 1119 Mens
333 1075 504 1118 humilis
536 1075 732 1129 multum,
763 1089 859 1116 cum
891 1089 975 1131 qua
1004 1079 1045 1115 te
1075 1072 1274 1114 novimus
1305 1077 1456 1113 ortum.

183 1133 407 1176 Cervicem
437 1146 618 1188 pronam
649 1131 771 1173 decet
801 1137 1027 1187 acceptare
1059 1142 1272 1170 coronam.

182 1190 279 1232 Rex
308 1188 481 1230 humilis
512 1189 676 1242 crescit,
711 1188 907 1243 quotiens
939 1186 1100 1227 oriente
1130 1183 1302 1237 diescit3

75 1257 151 1292 105
184 1246 242 1288 Et
271 1245 386 1287 cadit
415 1243 561 1299 elatus,
595 1258 764 1300 semper
794 1243 958 1284 saevire
988 1246 1176 1297 paratus.

663 1358 979 1402 EPILOGUS.

185 1430 388 1474 Carmina
416 1429 649 1483 Musarum,
679 1444 770 1482 reX,
801 1426 972 1484 perlege
1005 1439 1142 1482 pauca
1171 1430 1355 1466 tuarum.

187 1487 254 1530 Sit
282 1485 399 1528 locus
428 1485 499 1526 hic
529 1484 621 1527 aliis
650 1483 729 1526 tibi
758 1483 936 1527 reddere
968 1482 1112 1524 munia
1140 1479 1291 1522 laudis.

185 1543 317 1600 Wipo
346 1548 446 1584 tuus
475 1540 658 1583 famulus
690 1542 779 1582 sica
809 1539 902 1581 vult
932 1537 1202 1595 dependereb
1233 1543 1416 1593 tempus,

186 1599 246 1642 Ut
276 1598 436 1640 scribat
464 1598 568 1652 regi,
601 1597 716 1654 quod
745 1597 839 1638 Lex
869 1595 1094 1638 dictaverit
1120 1592 1194 1635 illi.

79 1667 155 1700 110
188 1655 274 1697 Hic
302 1654 427 1697 nobis
457 1655 560 1695 istos
590 1653 800 1710 persuasit
830 1651 1026 1694 claudere
1055 1664 1216 1692 versus.

186 1711 255 1754 Sis
287 1711 459 1754 Christo
491 1724 605 1763 cure,
641 1710 712 1765 pie
741 1724 818 1750 rex
849 1721 1080 1763 caesarque
1111 1706 1266 1759 future,

188 1767 246 1810 Et
273 1768 393 1810 vivas
425 1781 552 1808 sanus
583 1772 759 1808 centeno
789 1770 981 1821 tempore
1013 1762 1164 1804 canus!

273 1883 520 1927 CARMEN
549 1882 724 1925 LEGIS
756 1881 873 1924 PRO
905 1879 1141 1923 LAUDE0
1171 1877 1362 1920 REGIS.

188 1952 259 1995 Ad
287 1952 402 2008 regis
430 1951 580 1993 laudes
609 1951 703 1993 Lex
731 1950 879 1992 ambas
910 1948 1036 2004 erigit
1065 1961 1209 1989 aures:

189 2009 249 2052 Ut
277 2015 442 2064 segetes
472 2006 642 2064 pluviis,
674 2007 735 2048 sic
767 2020 910 2047 cresco
940 2004 1139 2046 laudibus
1169 2003 1273 2045 istis.

81 2077 156 2110 115
188 2065 286 2107 Non
315 2065 411 2120 plus
442 2063 599 2106 mulcet
626 2077 741 2119 apes,
771 2061 952 2104 mellitos
983 2059 1171 2102 lambere
1201 2058 1340 2111 flores,

191 2121 333 2174 Quam
362 2135 430 2162 me
459 2119 552 2162 laus
581 2120 707 2175 regis,
739 2118 856 2175 quod
888 2122 1054 2159 constat
1082 2116 1224 2172 pactio
1254 2114 1376 2170 legis.

190 2177 272 2219 His
302 2176 407 2218 mihi
435 2177 510 2219 fite
539 2175 695 2228 verbis,
727 2174 842 2231 quod
871 2188 966 2215 rore
995 2172 1230 2215 virentibus
1260 2170 1416 2224 herbis,

191 2232 374 2287 Quando
405 2232 496 2275 dies
526 2232 648 2274 verni
677 2231 939 2287 reparabunt
967 2228 1126 2286 gaudia
1155 2227 1317 2268 mundi.

193 2289 308 2342 Quid
338 2289 471 2331 satius
502 2288 623 2344 Legi,
655 2302 782 2345 quam
814 2286 956 2328 dicere
987 2284 1089 2326 talia
1117 2283 1239 2339 regi?

85 2357 160 2391 120
194 2345 334 2398 Salve,
364 2344 442 2386 flos
473 2345 648 2402 patriae,
681 2358 766 2400 quo
796 2342 981 2384 fructum
1012 2341 1132 2397 pacis
1163 2338 1319 2381 habere

192 2401 289 2443 Non
317 2401 483 2444 dubitat
512 2400 715 2454 mundus3
749 2399 822 2464 qui
851 2412 1004 2455 regnas
1035 2396 1137 2439 orbe
1167 2395 1394 2448 secundus,

192 2458 296 2499 Post
324 2457 559 2498 Dominum
591 2455 696 2498 caeli
726 2456 879 2512 dignus
910 2452 1126 2496 mundana
1155 2452 1283 2494 tueri!

195 2517 207 2530 *
224 2512 364 2566 Salve,
395 2514 522 2569 stirps
551 2528 716 2568 regum,
746 2510 917 2568 populis
947 2509 1190 2552 veneranda
1219 2523 1297 2564 per
1326 2521 1481 2549 aevum
1589 2522 1641 2558 -ρ,
1665 2524 1740 2553 250-

193 2569 335 2612 Radix
365 2583 520 2625 magna
547 2569 638 2622 fuit,
671 2583 797 2625 quam
829 2582 971 2609 ramus
1002 2564 1096 2608 talis
1127 2564 1322 2618 adauxit3

87 2637 160 2671 125
193 2624 346 2667 Nobile
375 2639 548 2681 germen
578 2632 680 2678 erat,
712 2623 827 2680 quod
856 2621 1065 2665 mundum
1094 2620 1271 2663 floribus
1302 2625 1436 2662 ornat.

194 2681 292 2724 Una
320 2681 402 2723 viri
432 2681 565 2723 virtus
596 2679 775 2722 multum
805 2685 1022 2736 praestare
1053 2676 1217 2731 solebit,

182 2802 212 2836 a)
244 2803 270 2828 si
291 2803 354 2835 0d.;
376 2802 521 2827 emendavi
549 2808 608 2833 eqo.
691 2802 720 2832 b)
745 2801 910 2828 defendere
932 2800 992 2831 ed.,·
1014 2799 1160 2825 emendavi
1180 2806 1238 2831 eqo.
1321 2797 1349 2831 e)
1382 2797 1496 2831 plaude
1518 2795 1578 2827 ed.,·

84 2843 225 2868 emendav.
247 2841 335 2868 Pei-iz.
418 2840 449 2874 d)
473 2847 534 2872 qua
555 2841 616 2873 ed.,·
638 2841 783 2867 emendavi
803 2848 864 2874 eqo.
947 2838 980 2873 e)
1000 2839 1039 2864 sit
1061 2839 1122 2872 ed.;
1143 2839 1289 2864 emendavi
1310 2845 1369 2870 eqo,
