1864 3250
203 392 291 419 1024.

151 672 200 708 ἰ).
224 674 290 700 268.

211 726 290 751 Dec.

201 784 291 810 1025.

222 890 295 917 Mai.

173 1179 242 1206 Iun.
265 1181 293 1207 6.

303 265 347 298 22
632 263 841 298 WIPONIS
870 263 1025 298 GESTA
1052 262 1340 298 GHUONRADI
1367 263 1464 296 IMP.

529 374 812 418 chuonradus
843 374 988 418 Caroli
1015 374 1171 430 premit
1199 375 1441 417 ascensoria
1469 375 1596 439 regis.

584 430 761 472 Talibus
789 430 959 472 indiciis
989 444 1146 472 nomen
1176 445 1252 472 seu
1281 429 1417 486 gloria
1444 445 1558 486 regls

302 487 494 544 gentium
523 487 719 542 regiones
747 485 1031 540 transcendit,
1076 485 1262 527 marinos
1306 485 1461 528 fluctus
1490 485 1792 540 transnatavit3

301 544 463 599 passim
493 541 793 598 divulgabatur
821 542 980 596 virtus,
1020 556 1130 598 quae
1159 541 1415 583 inexhausto
1444 542 1595 598 vigore
1626 555 1796 597 semper

302 598 541 640 manabata.

414 654 655 696 *Reversus
675 669 754 696 rex
774 653 827 695 de
847 652 1063 695 Ribuariis
1093 653 1148 694 ad
1165 652 1398 695 Saxoniam
1417 653 1546 706 venit,
1575 651 1637 694 ibi
1654 650 1797 709 legem

305 709 644 752 crudelissimam
682 709 905 752 Saxonum
941 708 1173 751 secundum
1212 707 1475 751 voluntatem
1513 722 1660 750 eorum
1700 722 1796 750 con-

305 767 433 809 stanti
476 767 730 808 auctoritate
772 765 1001 808 roboravit.
1059 764 1229 806 Deinde
1270 779 1296 806 a
1332 764 1525 806 barbaris
1587 764 1632 806 ui
1662 762 1797 806 Saxo-

303 823 420 864 niam
450 822 662 879 attingunt
690 820 850 863 tributa
879 820 1067 875 exigens,
1101 834 1224 862 omne
1246 819 1436 862 debitum
1462 818 1567 861 fisca
1583 834 1606 862 e
1625 833 1720 862 rece
1752 819 1797 861 it.

305 878 412 920 Inde
442 879 687 921 Baioariam
717 884 758 920 et
787 876 1032 919 orientalem
1048 876 1276 918 Franciam
1296 876 1594 932 pertransienS,
1625 874 1681 917 ad
1784 901 1799 907 -

305 935 522 976 manniam
565 934 771 990 pervenit.
839 933 934 984 Quo
979 932 1162 974 transitu
1203 946 1337 988 regna
1378 931 1498 988 pacis
1541 929 1713 973 foedere
1757 937 1800 973 et

304 991 423 1047 regia
450 990 629 1032 tuitione
657 988 899 1030 firmissime
929 987 1140 1044 cingebat.

476 1094 515 1136 7.
575 1092 824 1147 Qualiter
860 1107 955 1135 rex
987 1107 1102 1135 cum
1132 1091 1287 1135 Italis
1317 1091 1630 1149 placitavit.

419 1161 546 1203 Anno
594 1162 733 1218 primo
771 1161 894 1217 regni
930 1160 995 1202 sui
1027 1159 1310 1202 Chuonradus
1350 1175 1429 1202 rex
1462 1159 1576 1202 diem
1606 1165 1801 1201 sanctum

307 1223 575 1274 pentecostes
615 1218 660 1258 in
700 1216 949 1259 Constantia
990 1215 1160 1259 civitate
1198 1215 1440 1259 celebravit.
1497 1215 1566 1258 Ibi
1593 1215 1802 1272 archiepi-

308 1288 465 1338 scopus
501 1272 832 1315 Mediolanensis
869 1271 1123 1314 Heribertus
1164 1286 1261 1314 cum
1301 1272 1479 1314 caeteris
1523 1270 1800 1327 optimatibus

306 1330 468 1372 Itahcis
498 1330 591 1384 regi
620 1328 892 1382 occurrebat,
937 1332 980 1370 et
1019 1328 1191 1370 effectus
1222 1334 1286 1370 est
1315 1342 1437 1382 suus,
1474 1326 1603 1369 fidem
1636 1341 1690 1369 ue
1719 1326 1803 1370 sibi

306 1386 408 1428 fecit
427 1400 505 1441 per
526 1391 888 1427 sacramentorum
909 1389 950 1426 et
980 1383 1177 1426 obsidum
1235 1384 1373 1439 ignus,
1403 1389 1462 1437 ut,
1494 1397 1609 1440 quan
1641 1396 1665 1424 o
1684 1382 1802 1424 veni—

307 1447 373 1483 ret
402 1456 501 1483 cum
531 1442 724 1483 exercitu
763 1441 819 1483 ad
855 1439 1174 1482 subiciendamb
1228 1438 1393 1493 taliam,
1434 1440 1527 1496 ipse
1565 1453 1663 1481 eum
1695 1438 1803 1480 reci·

339 1502 428 1540 eret
457 1503 499 1539 et
528 1511 627 1538 cum
662 1495 861 1538 omnibus
899 1496 987 1537 suis
1022 1495 1078 1537 ad
1115 1495 1336 1537 dominum
1374 1500 1415 1537 et
1452 1509 1600 1550 regem
1629 1492 1803 1550 publice

306 1512 500 1595 laudaret
539 1553 769 1609 statimque
814 1558 1046 1593 coronaret.
1106 1550 1310 1594 Similiter
1345 1549 1498 1606 reliqui
1526 1548 1803 1606 Langobardi

308 1609 509 1662 fecerant,
539 1615 733 1665 praeter⁰
763 1608 1034 1662 Ticinenses,
1076 1608 1150 1663 qui
1179 1613 1222 1649 et
1258 1606 1340 1648 alio
1371 1606 1542 1648 nomine
1570 1606 1803 1662 Papienses

309 1670 537 1718 vocantur,
581 1678 761 1720 quorum
800 1663 932 1719 legati
961 1663 1137 1705 aderant
1167 1677 1264 1704 cum
1293 1661 1542 1704 muneribus
1572 1666 1615 1704 et
1642 1661 1803 1716 amicis,

310 1720 546 1775 molientes,
576 1726 624 1762 ut
651 1734 798 1775 regem
827 1734 904 1777 pro
937 1719 1166 1761 offensione
1197 1718 1356 1760 civium
1385 1717 1617 1774 placarent,
1657 1731 1804 1774 quam·

312 1791 441 1833 quam
483 1776 528 1818 id
564 1776 747 1833 adipisci
786 1790 812 1817 a
849 1790 951 1831 rege
990 1776 1112 1816 iuxta
1155 1781 1302 1817 votum
1346 1789 1470 1816 suum
1513 1772 1629 1815 nullo
1674 1771 1802 1815 modo

309 1832 513 1875 valerent.
571 1833 624 1874 In
662 1846 747 1888 qua
779 1837 922 1874 autem
951 1846 997 1872 re
1027 1830 1279 1873 offenderint
1289 1830 1320 1884 (¹,
1356 1830 1543 1872 breviter
1570 1827 1803 1871 absolvam.

309 1889 417 1931 Erat
445 1889 490 1929 in
521 1888 691 1931 civitate
719 1888 923 1944 Papiensi
951 1885 1159 1944 palatium
1187 1902 1214 1928 a
1243 1885 1511 1928 Theodorico
1541 1899 1642 1941 rege
1670 1898 1804 1941 quon-

310 1944 410 1986 dam
441 1944 549 1986 miro
580 1958 707 2000 opere
738 1943 955 1985 conditum
991 1957 1041 1984 ac
1080 1947 1230 1998 postea
1270 1942 1324 1984 ab
1358 1942 1615 1998 imperatore
1645 1939 1804 1984 Ottone

310 2000 435 2042 tertio
478 2000 605 2041 nimis
638 1999 904 2041 adornatum.
965 1998 1147 2053 Cognito
1188 2004 1329 2040 autem
1374 1997 1494 2039 obitu
1534 1997 1803 2052 imperatoris

310 2055 517 2109 Heinrici,
548 2056 830 2098 antecessoris
862 2053 1108 2097 Chuonradi
1136 2055 1263 2110 regis,
1294 2059 1341 2095 ut
1368 2067 1462 2094 mos
1492 2058 1556 2095 est
1583 2052 1804 2094 hominum

313 2126 483 2168 semper
510 2112 555 2152 in
584 2112 706 2153 novis
737 2110 864 2154 rebus
894 2111 1226 2166 intemperanter
1255 2123 1300 2151 se
1327 2109 1507 2163 habere,
1547 2107 1695 2159 ¹statim
1724 2107 1804 2150 Pa-

312 2168 482 2224 pienses
512 2166 751 2209 inconsulto
782 2166 838 2208 ad
866 2164 1081 2208 imbellem
1112 2164 1255 2207 aulam
1283 2171 1467 2219 ruentes,

565 2223 754 2264 Ausibus
783 2222 954 2264 inlicitis
984 2221 1046 2263 fre
1081 2228 1204 2264 erunt
1231 2222 1402 2263 moenia
1430 2220 1558 2276 regis,

312 2285 535 2335 totumque
582 2277 788 2334 palatium
836 2292 972 2335 usque
1016 2236 1079 2320 a}
1123 2278 1258 2319 imum
1304 2275 1568 2318 fundamenti
1615 2273 1806 2332 lapidem

314 2335 533 2389 eruebant,
562 2349 616 2377 ne
646 2336 872 2391 quisquam
901 2349 1052 2390 regum
1091 2332 1266 2376 ulterius
1305 2333 1413 2374 infra
1444 2331 1660 2373 civitatem
1689 2329 1805 2372 illam

312 2389 521 2447 palatium
563 2404 723 2446 ponere
767 2389 1037 2432 decrevisset.
1096 2389 1167 2431 Ex
1212 2403 1296 2445 qua
1331 2387 1512 2430 audacia
1547 2386 1622 2429 diu
1648 2400 1807 2443 magna

315 2447 607 2489 controversia
634 2447 744 2488 inter
771 2460 917 2502 regem
949 2451 991 2487 et
1019 2446 1251 2501 Papienses
1280 2443 1426 2487 habita
1455 2450 1529 2486 est.
1587 2441 1806 2485 Dicebant

314 2502 567 2558 Papienses:
627 2502 780 2555 ‘Quem
807 2501 1090 2544 offendimus?
1146 2500 1401 2558 Imperatori
1428 2505 1573 2541 nostro
1603 2497 1735 2541 fidem
1763 2503 1806 2540 et

313 2558 520 2601 honorem
563 2572 697 2614 usque
741 2557 798 2599 ad
835 2558 1065 2600 terminum
1103 2557 1216 2599 vitae
1252 2571 1353 2598 suae
1384 2555 1669 2608 servavimus3
1719 2567 1805 2611 quo

314 2613 514 2656 defuncto
544 2628 642 2655 cum
672 2612 835 2655 nullum
863 2628 1007 2669 regem
1027 2611 1294 2666 haberemus,
1323 2611 1438 2667 regis
1467 2611 1602 2654 nostri
1630 2610 1807 2660 domum

318 2669 581 2712 destruxisse
601 2683 688 2711 non
714 2670 806 2711 iure
832 2668 1154 2711 accusabimur'.
1203 2668 1266 2710 Ee
1298 2668 1507 2709 contrario
1535 2681 1632 2709 rex:
1663 2664 1805 2719 ‘Scio'‚

316 2725 465 2782 inquit,
497 2725 628 2781 ‘quod
657 2725 832 2767 domum
861 2725 974 2781 regis
1005 2725 1135 2767 vestri
1172 2739 1258 2766 non
1288 2723 1578 2777 destruxistis,
1619 2735 1717 2764 cum
1755 2735 1806 2764 eo

338 2871 348 2906 )
371 2873 390 2898 d
436 2831 653 2899 a)lemanabat
674 2834 701 2860 2.
782 2832 814 2867 b>
836 2833 1062 2859 subiiciendum
1086 2834 1111 2861 2.
1203 2831 1231 2867 c)
1253 2834 1380 2866 propter
1401 2832 1429 2859 2.
1510 2829 1542 2866 d)
1565 2829 1756 2858 offenderent
1778 2830 1806 2858 1.

319 2879 336 2900 e
390 2875 444 2899 cese
489 2891 495 2898 .
