1864 3250
272 301 324 335 VI

275 413 405 455 dubio
440 410 698 466 comprobat.
757 409 1076 466 Schubiqerusl
1113 423 1290 464 eumque
1327 414 1496 451 secutus
1533 407 1760 464 Issu’yerus

268 473 538 526 putaverunt
561 466 628 508 Wi
664 481 782 508 onem
810 467 859 507 in
891 464 994 507 aula
1019 464 1275 507 Chuonradi
1295 480 1389 506 cum
1411 465 1622 506 Brunone
1634 478 1757 519 pres-

276 525 419 582 bytero
449 529 487 565 et
516 537 622 577 cape
640 522 757 574 lano,
793 522 870 577 qui
898 528 935 563 et
963 522 1056 577 ipse
1087 521 1267 577 hymnos
1297 526 1334 562 et
1363 521 1607 576 sequentias
1638 519 1761 563 eccle-

276 580 476 622 siasticas
507 579 793 633 composuisse
820 578 982 619 dicitur
1002 576 1253 632 complures,
1280 582 1432 631 postea
1454 583 1595 619 autem
1607 591 1762 632 papae

278 637 533 692 diynitatem
561 648 795 690 nomenque
825 634 909 675 Leo
930 633 1087 675 Nonus
1118 633 1295 688 accepit,
1328 633 1524 676 amicitia
1554 634 1758 676 coniunc-

277 698 365 734 tum
403 697 527 746 atque
569 690 621 732 ab
661 705 707 731 eo
745 691 913 731 musica
948 689 1157 731 imbutum
1193 703 1292 730 esse.
1350 687 1405 729 Id
1442 703 1540 731 vero
1572 703 1763 744 prorsus

277 749 369 790 veri
398 746 606 788 dissimile
636 752 707 788 est.
753 745 908 788 Bruno
939 746 1052 787 enim
1074 759 1189 786 anno
1214 743 1334 785 1002.
1365 750 1495 786 natus
1520 751 1558 786 et
1576 745 1762 787 minoris

278 819 408 860 quam
446 803 570 857 Wipo
609 803 764 844 aetatis
802 803 974 844 videtur
990 801 1139 856 fuisse
1169 807 1207 841 et
1247 801 1336 842 iam
1368 815 1485 842 anno
1517 800 1638 844 1026.
1668 802 1760 857 epi-

278 874 432 916 scopus
466 858 679 900 Tullensis
717 864 888 899 creatus
924 860 1094 900 curiam
1128 857 1245 913 reyis
1284 855 1540 899 Chuonradi
1573 855 1656 899 reli
1683 858 1761 900 uit.

391 915 623 969 Postquam
653 914 891 956 Heinricus
931 915 1082 955 tertius
1112 912 1181 954 die
1214 912 1277 953 14.
1297 928 1350 954 m.
1372 912 1545 968 Aprilis
1576 928 1618 955 a.
1639 913 1661 954 1
1693 913 1762 955 28.

278 986 357 1014 reoe
387 976 618 1013 coronatus
648 976 746 1022 est²‚
785 970 906 1025 Wipo
938 970 978 1011 ei
1007 969 1297 1010 Proverbia
1326 968 1556 1022 dedicavit,
1588 984 1763 1011 carmen

279 1033 444 1070 centum
472 1026 666 1068 versibus
696 1027 987 1081 compositum,
1012 1025 1113 1080 fida
1151 1026 1316 1067 monita
1355 1030 1393 1067 et
1414 1026 1500 1081 pia
1522 1030 1764 1081 praecepta

280 1085 518 1136 continens,
547 1082 701 1137 quibus
732 1097 839 1134 eum,
869 1088 916 1123 ut
935 1081 1182 1134 virtutibus,
1214 1081 1361 1137 quales
1390 1096 1531 1147 regem
1558 1081 1767 1135 decerent,

280 1155 323 1182 se
361 1144 549 1191 ornaret,
588 1138 904 1180 cohortabatur.
963 1137 1017 1179 96
1046 1139 1187 1193 primi
1224 1153 1373 1180 versus
1410 1138 1525 1179 binis
1554 1137 1764 1193 partibus

281 1200 492 1247 constant,
523 1209 633 1250 quae
653 1196 700 1236 in
722 1195 890 1236 easdem
911 1193 1103 1251 syllabas
1124 1194 1356 1248 desinunt;
1389 1199 1595 1250 quattuor
1622 1193 1765 1236 ultimi

282 1251 520 1294 hemametri
553 1257 654 1292 sunt
691 1250 856 1292 leonini
896 1251 970 1307 qui
1009 1256 1234 1292 vocantur.
1291 1249 1498 1292 Priorum
1538 1255 1681 1292 autem
1709 1249 1766 1292 96

281 1323 482 1350 versuum
510 1308 622 1349 terni
650 1322 785 1348 unam
814 1322 902 1348 rem
934 1305 1170 1348 absolvunt.

396 1364 502 1405 Tria
542 1362 635 1405 alia
674 1364 876 1404 carmina
914 1362 1039 1418 Wipo
1076 1363 1171 1404 vivo
1212 1361 1473 1405 Chuonrado
1509 1362 1570 1404 im
1603 1367 1770 1404 eratore

285 1420 474 1475 scripsit.
517 1418 714 1460 Primum
734 1425 900 1460 centum
920 1433 1121 1460 versuum
1149 1425 1255 1471 erat,
1287 1419 1440 1474 quibus
1470 1418 1500 1460 d
1509 1433 1529 1459 e
1538 1376 1766 1474 ssiyore

287 1477 398 1518 anni
422 1475 542 1517 1033.
567 1477 701 1531 eyit35
733 1474 926 1529 alterum,
958 1475 1074 1531 quod
1102 1476 1197 1530 ipse
1228 1473 1602 1516 Gallinarium
1632 1479 1770 1528 vocat,

286 1546 459 1574 carmen
490 1532 730 1584 satiricum,
763 1547 845 1587 quo
876 1531 927 1573 de
947 1531 1065 1572 bellis
1093 1532 1369 1586 imperatoris
1399 1536 1551 1572 contra
1579 1529 1770 1572 Odonem

289 1587 559 1643 Campaniae
585 1589 772 1629 comitem
792 1593 969 1643 poetam
998 1593 1193 1629 nostrum
1223 1587 1424 1628 cecinisse
1443 1586 1638 1628 Pertzius
1668 1601 1769 1628 con-

285 1645 435 1697 iecit45
465 1644 635 1685 tertium
664 1643 1020 1686 Breviarium
1049 1644 1100 1685 de
1132 1642 1250 1684 bellis
1274 1641 1532 1685 Chuonradi
1560 1648 1598 1684 et
1627 1642 1767 1684 Luiti-

286 1701 451 1742 ciorum
459 1714 527 1755 pa
561 1715 757 1742 anorum.
790 1698 910 1748 Quae
927 1701 1071 1742 omnia
1090 1715 1118 1741 a
1134 1705 1279 1741 nostro
1296 1699 1499 1741 dedicata
1514 1698 1772 1754 imperatori

286 1756 504 1811 hucusque
551 1761 679 1798 atent.

398 1813 499 1854 Post
543 1811 702 1854 obitum
748 1811 1004 1855 Chuonradi
1040 1811 1107 1854 Wi
1141 1827 1163 1853 o
1208 1810 1544 1854 Cantilenam
1572 1809 1765 1852 lamen·

287 1869 557 1911 tationum
600 1870 861 1923 composui-t,
906 1883 1036 1924 quam
1126 1868 1289 1909 einrico
1332 1870 1429 1923 re9i
1473 1866 1768 1921 Constantiae,

287 1926 415 1967 initio
447 1925 558 1966 anni
581 1924 702 1966 1040.
733 1931 780 1966 ut
807 1925 978 1966 videtur
989 1931 1017 1976 ⁵,
1048 1923 1247 1976 tradidit,
1274 1928 1425 1978 postea
1455 1929 1597 1965 autem
1629 1921 1770 1965 Gestis

287 1982 564 2036 imperatoris
593 1981 791 2022 inseruit.
839 1981 990 2022 Maius
1019 1994 1207 2033 carmen,
1240 1978 1581 2036 Tetraloqum
1612 1978 1768 2021 Hein-

287 2038 399 2079 rici
441 2051 495 2078 re
506 2037 562 2093 qi
574 2051 594 2078 s
606 2067 616 2089 ‚
655 2037 724 2078 die
768 2037 1012 2079 nativitatis
1047 2036 1207 2079 Christi
1238 2051 1278 2076 a.
1311 2035 1432 2076 1041.
1468 2036 1566 2092 re9i
1595 2035 1765 2092 Arqen-

287 2094 404 2135 tinae
453 2092 613 2135 obtulit.
681 2092 876 2134 Versibus
925 2098 1090 2135 constat
1136 2092 1219 2134 326
1263 2092 1538 2145 heoeametris‚
1587 2105 1770 2147 quorum

282 2148 480 2204 plerique
519 2147 684 2190 leonini
721 2155 846 2202 sunt;
887 2149 1043 2204 quibus
1081 2148 1204 2204 Wipo
1234 2147 1386 2189 laudes
1415 2149 1622 2190 virtutum
1650 2147 1774 2204 reqis.

289 2204 468 2247 celebrat
505 2203 792 2259 laudibusque
824 2211 1066 2261 praecepta
1110 2211 1148 2245 et
1183 2204 1509 2246 adhortationes
1549 2202 1772 2259 adiungit.

291 2259 564 2317 Tetraloyum
614 2266 754 2302 autem
801 2268 938 2314 vocat,
997 2261 1104 2316 quia
1160 2260 1375 2317 loquentes
1422 2260 1594 2302 inducit
1633 2264 1768 2315 poeta

281 2323 474 2372 primum
522 2331 564 2358 se
607 2318 751 2372 ipsum
800 2321 861 2371 (v.
899 2317 1071 2371 1—10)‚
1116 2317 1272 2359 deinde
1317 2317 1494 2358 chorum
1535 2316 1769 2357 Musarum

289 2378 350 2428 (v.
383 2372 610 2426 11-112),
651 2379 740 2414 tum
767 2373 921 2429 Leqem
951 2377 1012 2428 (v.
1046 2372 1304 2426 113—217),
1335 2373 1518 2429 denique
1550 2370 1769 2414 Gratiam.

387 2510 424 2555 1)
446 2510 649 2555 Schubiyer,
671 2511 740 2546 Die
758 2511 1013 2556 Sitnyerschule
1037 2512 1088 2546 St.
1105 2512 1247 2547 Gallens
1266 2525 1308 2556 p.
1328 2514 1386 2547 95.
1423 2511 1476 2557 Cf.
1496 2524 1587 2556 quae
1604 2512 1778 2547 dissertat

288 2560 379 2594 idem
402 2559 441 2593 in
464 2560 697 2603 Ephemeride
721 2561 882 2594 musicali
905 2561 963 2594 La
988 2561 1151 2596 Maitrise
1178 2562 1298 2603 (Paris
1321 2562 1444 2605 1858).
1543 2562 1583 2606 2)
1609 2561 1771 2596 Portae-‘m

289 2609 428 2652 quidem
462 2607 603 2652 putavit
629 2609 822 2652 proverbia
858 2616 938 2644 ante
973 2610 1136 2644 Heinrici
1168 2612 1424 2645 coronationem
1462 2611 1653 2655 composita
1685 2621 1768 2652 ene,

290 2657 416 2701 quippe
442 2669 588 2700 quorum
613 2657 792 2701 inscriptio
818 2659 902 2693 haec
920 2664 987 2693 est:
1015 2660 1060 2693 ad
1078 2661 1298 2701 Heinricum‚
1326 2661 1531 2694 chuonradi
1547 2661 1771 2705 imperatoris

289 2706 411 2740 filium.
461 2704 508 2739 At
533 2707 602 2740 duo
627 2707 745 2750 prima
762 2708 973 2751 proverbia:
1010 2709 1114 2742 decet
1139 2721 1184 2743 re
1199 2721 1295 2754 gem
1323 2710 1460 2744 discere
1485 2710 1620 2753 leg-em3
1647 2709 1771 2743 audiat

290 2766 364 2789 rex
399 2755 493 2798 quod
526 2757 700 2799 praecipit
733 2756 801 2800 lex,
835 2756 922 2790 mihi
954 2757 1119 2791 videntur
1143 2759 1376 2802 comprobare,
1403 2759 1562 2793 iuvenem
1588 2757 1646 2792 cui
1669 2756 1768 2792 deai-

291 2810 371 2838 cata
389 2808 470 2838 sunt
486 2809 570 2837 tunc
586 2804 748 2847 temporis
764 2803 836 2839 iam
853 2817 967 2851 regem
975 2807 1103 2849 fuisse.
1181 2808 1218 2853 3)
1246 2809 1353 2843 Gesta
1379 2819 1457 2851 cap.
1472 2808 1530 2841 30.
1603 2805 1643 2850 4)
1662 2806 1771 2841 Gesta

291 2865 367 2897 cap.
387 2854 420 2886 6.
445 2864 584 2886 versum
610 2854 783 2896 quendam
810 2861 956 2897 quartae
982 2854 1115 2891 satirae
1140 2857 1234 2892 citat.
1316 2857 1353 2901 5)
1375 2857 1415 2890 V.
1436 2854 1637 2900 Steindorff,
1660 2855 1769 2890 Jahr-

291 2902 416 2936 bacher
440 2901 630 2936 Heinrichs
657 2902 734 2937 III.
754 2914 796 2947 p.
827 2904 860 2946 I,
888 2904 933 2936 83
960 2916 996 2939 n.
1023 2906 1056 2940 2.
