1864 3250
208 371 295 398 1024.

155 705 206 740 ⁸p.
230 707 298 734 261.

309 243 353 275 18
639 241 849 276 WIPONIS
877 241 1030 275 GESTA
1058 241 1344 276 CHUONRADI
1372 242 1471 275 IMP.

309 354 520 397 mutavit¹
562 359 604 395 et
632 352 844 393 numinisa
874 353 940 393 sui
969 353 1223 408 participem
1251 352 1403 407 fecit²;
1436 359 1645 409 quatenus
1674 354 1797 410 ipseb

309 410 389 453 tibi
417 408 611 451 eamdem
650 408 788 450 vicem
829 422 906 463 pro
944 408 1152 449 universis
1191 407 1356 450 delictis
1394 410 1478 451 tuis
1509 408 1708 465 dignetur
1736 424 1799 452 re-

311 466 524 522 pendere’.

424 521 476 562 In
512 520 593 561 hoc
633 532 825 561 sermone
866 532 945 560 rex
983 518 1275 560 misericordia
1310 525 1451 562 motus
1484 520 1714 576 ingemuit,
1758 527 1800 563 et

312 576 423 618 ultra
454 590 582 631 quam
612 574 727 616 credi
748 574 883 630 possit
894 581 923 627 ³,
955 573 1154 616 effluebat
1182 574 1226 615 in
1245 573 1443 620 lacrimis,
1501 575 1670 619 Deinde
1690 576 1802 619 sicut

314 632 507 688 episcopi
528 637 569 673 et
599 630 730 672 duces
762 644 857 671 cum
886 630 1083 671 universo
1114 629 1275 686 populo
1296 630 1559 686 flagitabant,
1591 631 1801 687 omnibus,

315 688 431 745 quod
460 687 686 728 *adversus
715 684 833 728 illum
864 685 948 727 deli
979 692 1142 735 ueram,
1173 686 1344 728 dimisit.

544 742 641 784 Hoc
673 742 809 784 omnis
839 756 957 797 popu
975 756 1024 783 us
1053 748 1269 798 gratanter
1299 742 1570 798 suscipiebat.

316 799 476 843 Omnes
505 797 728 840 manifesta
757 798 913 853 pietate
942 798 1055 853 regis
1085 812 1186 853 prae
1216 798 1373 854 gaudio
1402 797 1646 854 plorabant:

470 855 653 897 Ferreus
683 860 794 895 esset
823 853 962 907 homo,
995 853 1068 909 qui
1096 852 1297 909 plangere
1327 868 1413 896 non
1441 855 1660 909 potuisset,

474 909 602 963 Quod
629 916 769 951 tantas
800 908 944 964 culpas
974 909 1140 964 ignovit
1167 915 1285 951 tanta
1313 915 1513 965 potestas.

312 967 370 1008 Et
399 980 659 1022 quamquam
688 964 908 1006 vindicare
931 970 1075 1020 posset
1095 979 1193 1006 suas
1213 965 1403 1020 iniurias,
1433 966 1468 1007 si
1487 980 1706 1023 nunquam
1725 981 1803 1009 rex

314 1022 453 1076 fieret,
483 1028 627 1064 tamen
655 1035 733 1077 pro
763 1019 879 1062 nulla
907 1026 1048 1063 tantae
1079 1023 1300 1077 potestatis
1329 1021 1485 1064 fiducia
1514 1021 1570 1064 ad
1598 1021 1803 1065 ulciscen-

316 1078 419 1120 dum
448 1077 611 1134 aliquid
639 1077 896 1119 reservabat.

426 1134 616 1176 Peractis
646 1132 941 1174 decentissime
981 1131 1135 1174 divinis
1172 1132 1321 1174 officiis
1352 1139 1393 1175 et
1421 1133 1553 1189 regali
1584 1147 1803 1176 consecra-

314 1191 442 1244 tione,
473 1204 552 1231 rex
578 1190 798 1246 processit.
856 1188 914 1229 Et
951 1188 1062 1230 sicut
1097 1187 1150 1230 de
1182 1188 1285 1230 Saul
1319 1203 1419 1244 rege
1458 1188 1634 1245 legitur,
1679 1189 1803 1246 quasi

314 1247 369 1290 ab
389 1247 566 1288 humero
588 1260 757 1287 sursum
787 1245 950 1286 cunctis
981 1243 1105 1286 altior
1134 1244 1266 1297 ibat4,
1298 1251 1339 1287 et
1357 1243 1488 1287 veluti
1508 1246 1552 1286 in
1573 1245 1802 1302 quamdam

314 1301 611 1344 habitudinem
641 1307 765 1342 antea
793 1315 879 1342 non
908 1300 1073 1341 visamc
1108 1300 1182 1341 ind
1219 1300 1289 1342 illo
1320 1301 1666 1355 transformatus,
1705 1315 1803 1342 cum

315 1373 437 1401 sacro
470 1358 672 1400 comitatu
701 1355 832 1397 alacri
867 1355 1006 1409 vultu,
1049 1355 1225 1398 honesto
1260 1357 1429 1398 incessu
1465 1356 1522 1398 ad
1561 1355 1803 1399 cubiculum

314 1413 454 1456 rediit.
512 1412 619 1455 Inde
663 1412 717 1454 ad
761 1422 951 1454 mensam
995 1411 1153 1467 regalie
1199 1419 1408 1468 apparatu
1445 1419 1663 1468 receptus,
1709 1426 1804 1455 eam

315 1470 429 1512 diem
458 1470 602 1526 regiae
633 1468 792 1525 speciei
821 1468 1081 1524 primitivam
1114 1467 1423 1510 officiosissime
1453 1468 1730 1526 consumpsit.

454 1575 494 1616 4.
544 1573 623 1615 De
654 1572 1031 1628 dispositione
1064 1570 1278 1625 curiali,
1310 1577 1357 1613 et
1387 1571 1445 1614 de
1475 1573 1678 1629 regina.

427 1642 497 1684 De
525 1640 727 1683 fidelitate
755 1640 869 1682 facta
897 1640 990 1695 regi
1019 1639 1159 1681 minus
1194 1640 1483 1682 necessarium
1513 1640 1654 1683 dicere
1683 1646 1802 1697 pum,

315 1697 526 1754 frequenti
560 1711 642 1738 usu
670 1702 797 1749 teste,
839 1695 953 1751 quod
991 1709 1136 1737 omnes
1175 1696 1380 1752 episcopi,
1421 1696 1553 1739 duces
1582 1701 1625 1738 et
1652 1695 1805 1753 reliqui

316 1755 544 1811 principes,
576 1751 729 1794 milites
759 1752 898 1807 primi,
931 1750 1085 1793 milites
1111 1766 1186 1807 gre
1218 1752 1309 1805 arii,
1340 1752 1443 1807 quin
1462 1752 1638 1808 ingenui
1658 1764 1804 1794 omnes

318 1811 353 1852 si
384 1810 564 1851 alicuius
594 1809 800 1850 momenti
830 1807 925 1861 sint,
957 1807 1130 1862 regibus
1161 1806 1190 1848 fi
1223 1822 1290 1849 em
1319 1807 1494 1862 faciant;
1532 1807 1632 1849 huic
1660 1814 1804 1851 tamen

317 1866 521 1908 sincerius
551 1870 594 1906 et
620 1863 821 1906 libentius
843 1862 1022 1905 iurando
1053 1877 1198 1905 omnes
1220 1862 1550 1906 subiciebantur.
1601 1863 1806 1906 Similiter

316 1923 362 1963 in
391 1921 669 1977 dispositione
701 1918 867 1973 curiali,
910 1933 1036 1974 quem
1069 1934 1147 1960 rex
1177 1919 1382 1960 maiorem
1411 1919 1562 1961 domus
1591 1924 1804 1974 statueret,

317 1992 424 2034 quos
446 1975 804 2018 cubiculariorum
833 1975 1071 2030 magistros,
1103 1989 1210 2031 quos
1239 1975 1485 2017 infertoresf
1510 1982 1552 2018 et
1579 1975 1804 2031 pincernas

317 2040 360 2076 et
390 2031 576 2088 reliquos
607 2031 832 2073 officiarios
864 2029 1088 2084 ordinaret,
1119 2030 1193 2072 diu
1221 2045 1308 2072 non
1338 2037 1402 2073 est
1430 2030 1805 2087 supersedendum,

317 2103 414 2130 cum
443 2087 548 2130 illud
576 2087 763 2129 breviter
792 2086 934 2128 dicere
963 2087 1143 2142 possim,
1189 2086 1303 2143 quod
1342 2085 1497 2129 nullius
1526 2087 1805 2130 antecessoris

317 2146 382 2187 sui
410 2144 644 2186 ministeria
681 2143 822 2199 aptius
860 2148 902 2184 et
937 2141 1283 2184 honorificentius
1318 2144 1492 2199 provisa
1524 2143 1698 2185 memini
1736 2142 1807 2186 vel

315 2200 414 2256 legi.
473 2199 544 2242 Ad
573 2213 702 2255 quam
731 2213 821 2241 rem
851 2196 1083 2252 plurimum
1114 2197 1244 2240 valuit
1271 2199 1492 2254 ingenium
1521 2198 1805 2255 Augustensis

317 2272 339 2299 e
372 2256 509 2312 iscopi
537 2254 752 2297 Brunonis
782 2260 824 2296 et
853 2253 1115 2296 Werinharii
1135 2254 1460 2310 Argentinensis
1491 2254 1682 2311 episcopi
1708 2268 1806 2296 con-

317 2313 353 2354 si
371 2313 476 2366 ium,
522 2311 583 2352 sic
623 2311 750 2353 etiam
779 2309 1041 2353 Werinharii
1070 2309 1235 2364 militis,
1278 2325 1406 2366 quem
1444 2324 1523 2352 rex
1550 2310 1677 2366 longe
1706 2316 1805 2353 ante

316 2373 490 2410 cautum
521 2365 727 2419 consiliis,
767 2364 975 2407 audacem
1013 2364 1134 2407 bellis
1168 2365 1413 2422 frequenter
1441 2380 1586 2408 secum
1616 2366 1806 2423 experie-

315 2423 454 2466 batur.
514 2422 653 2478 Super
687 2421 764 2463 hos
805 2436 950 2463 omnes
987 2420 1140 2464 dilecta
1168 2423 1281 2477 regis
1312 2422 1500 2463 coniunx
1530 2420 1678 2464 Gisela
1705 2436 1806 2478 pru-

317 2479 460 2522 dentia
498 2485 540 2520 et
578 2477 751 2520 consilio
791 2478 941 2533 viguit.
1003 2477 1085 2519 Oui
1123 2483 1246 2533 pater
1280 2483 1369 2519 erat
1397 2477 1686 2520 Herimannus
1716 2477 1805 2519 dux

435 2573 464 2608 a)
495 2575 628 2600 nominis
651 2575 677 2600 1.
760 2571 791 2606 b)
823 2573 896 2599 deest
926 2574 952 2600 1.
1036 2571 1063 2606 c)
1085 2573 1202 2598 nullam
1227 2575 1252 2600 1.
1342 2572 1372 2607 d)
1395 2574 1428 2599 ni
1450 2575 1477 2600 1.
1558 2572 1587 2608 e)
1617 2573 1754 2606 regalem
1775 2574 1804 2600 1.

315 2613 339 2648 s)
361 2614 524 2641 inferiores
548 2615 574 2640 1.

442 2681 479 2725 1)
509 2683 526 2714 1
553 2681 638 2725 1229.
660 2682 717 2723 10,
737 2681 779 2714 6:
808 2684 844 2714 et
869 2680 1059 2713 mutaberis
1084 2681 1121 2713 in
1146 2681 1260 2714 virum
1286 2680 1406 2714 alium.
1509 2680 1546 2725 2)
1571 2681 1680 2715 Hebr.
1708 2681 1742 2721 6,
1759 2681 1803 2715 4:

317 2734 353 2765 et
378 2732 572 2774 participes
598 2731 685 2763 facti
711 2734 792 2764 sunt
818 2730 970 2773 Spiritus
996 2730 1123 2762 sancti.
1225 2729 1263 2772 3)
1291 2728 1437 2763 Sallust.
1467 2729 1540 2764 Cat.
1567 2741 1596 2764 c.
1624 2730 1663 2763 5:
1697 2740 1805 2773 supra.

317 2789 423 2824 quam
452 2780 616 2822 cuiquam
654 2778 826 2812 credibile
859 2782 923 2811 est.
1034 2776 1072 2821 4)
1109 2778 1124 2809 1
1154 2777 1240 2822 Rey.
1270 2779 1325 2818 10,
1347 2779 1408 2811 23:
1449 2782 1483 2812 et
1509 2779 1613 2812 altior
1635 2778 1702 2811 fuit
1725 2779 1803 2812 uni-

314 2838 417 2863 verso
442 2826 575 2872 populo
601 2827 645 2861 ab
671 2827 817 2861 humero
844 2830 880 2861 et
903 2836 1051 2860 sursum.
