1864 3250
158 721 225 747 Ian.
250 720 296 746 22.

146 779 224 807 Dec.
247 779 295 804 22.

206 830 298 857 Febr.

156 1276 226 1303 Iun.
251 1276 298 1302 29.

156 1781 208 1817 ἰ).
232 1784 301 1810 122.

141 1947 230 1974 Mart.
254 1947 303 1974 30.

305 254 351 286 74
618 251 903 286 CHRONIOON
930 251 1207 284 HERIMANNI
1233 249 1506 284 AUGIENSIS.

303 370 451 422 ageret
462 371 492 419 ⁸,
523 365 728 420 aceepitb.
791 362 919 405 Unde
954 368 1148 419 permoto
1182 364 1446 407 Warmanno
1477 361 1801 405 Constantiense

305 422 530 478 episcopo,
575 426 680 476 aput
721 420 1023 476 imperatorem
1064 419 1187 475 quasi
1231 420 1297 461 sui
1342 432 1547 476 pervasor
1584 417 1716 460 officii
1759 424 1802 460 et

304 477 478 519 honoris
500 482 740 530 accusatus,
771 490 962 532 eousque
987 474 1041 516 ab
1062 475 1254 531 utrisque
1275 480 1498 530 coartatur,
1531 473 1668 517 donec
1686 473 1803 516 idem

307 540 435 575 cum⁰
479 532 682 574 sandaliis
725 530 997 587 privilegium
1035 530 1121 587 ipsi
1151 531 1354 596 episcopo
1383 530 1591 585 traderet,
1630 529 1804 587 publice

309 591 353 631 in
391 588 555 644 synodo
596 602 694 641 sua,
731 588 777 629 id
806 594 870 629 est
897 588 943 629 in
973 601 1107 628 coena
1134 586 1312 629 Domini
1342 588 1560 644 sequentis
1588 586 1712 637 anni,
1741 586 1805 627 in-

309 644 593 688 cendendum.
653 644 755 699 Ipso
786 658 896 685 anno
925 642 1310 699 Bouchaugiensed
1347 643 1601 686 coenobium
1629 642 1670 685 2.
1699 640 1804 684 Idus

308 701 499 744 Ianuarii
543 701 742 742 incendio
785 699 953 755 flagrat.
1010 699 1170 741 Bertha
1213 700 1310 741 avia
1352 713 1469 752 mea,
1506 698 1666 740 femina
1703 697 1805 741 satis

309 757 521 814 religiosa,
551 757 619 798 23.
649 756 900 798 viduitatise
929 770 1041 797 anno
1076 756 1139 797 11.
1171 754 1268 797 Kal.
1297 755 1486 796 Ianuarii
1514 753 1711 797 decessit.

425 813 546 855 1033.
576 813 816 869 Imperator
835 818 934 868 post
951 810 1137 854 natalem
1157 811 1335 853 Domini
1353 810 1651 867 Burgundiam
1726 808 1806 862 tiit,

310 870 555 912 Murtenam
577 867 757 920 obsedit,
790 868 877 920 sed,
907 867 1165 924 impediente
1188 867 1365 910 hiemisf
1390 866 1548 923 algore,
1576 868 1621 908 ni
1654 867 1663 876 “
1700 866 1808 910 inibi

311 941 356 968 se
407 925 585 980 dignum
634 925 773 981 potuit
821 924 1000 966 efficere.
1068 923 1195 966 Unde
1244 938 1412 965 rursum
1460 928 1620 966 aestate
1666 923 1808 979 ipsam

312 981 477 1024 Odonis
514 981 783 1037 provinciam
824 979 1031 1023 Gallicam
1060 979 1267 1022 invadens
1298 979 1599 1036 Campaniam,
1639 978 1808 1035 praedis

311 1043 354 1079 et
397 1037 606 1080 incendiis
650 1037 901 1090 devastavit,
947 1036 1084 1077 donec
1123 1036 1214 1092 ipse
1250 1036 1346 1079 Odo
1391 1034 1575 1092 supplex
1617 1034 1675 1077 ad
1709 1049 1809 1077 eum

311 1094 499 1147 veniret,
544 1100 586 1135 et
629 1093 857 1135 clementer
901 1099 1126 1148 susceptus
1171 1092 1523 1146 satisfactionem,
1560 1089 1661 1133 licet
1697 1090 1810 1144 ficte,

312 1150 620 1207 promitteretg.
683 1149 846 1191 Romae
876 1148 1075 1190 defuncto
1105 1148 1306 1202 Iohanne,
1335 1147 1594 1190 Benedictus
1622 1146 1704 1200 IX,
1735 1146 1812 1203 qui

311 1212 355 1248 et
384 1205 733 1261 TheophilactuS‚
763 1219 879 1262 papa
913 1205 1050 1247 149nus
1082 1204 1316 1258 ordinatus,
1346 1203 1445 1246 licet
1471 1203 1659 1260 indignis
1687 1208 1806 1246 tanto

313 1261 454 1304 ordini
487 1262 680 1304 moribus
715 1268 757 1303 et
785 1262 920 1315 factis,
951 1260 1061 1302 sedit
1090 1262 1211 1302 annis
1241 1260 1337 1317 plus
1370 1260 1434 1302 12.
1474 1258 1674 1316 Eclypsis
1711 1258 1812 1301 solis

313 1319 352 1360 3.
381 1317 479 1360 Kal.
510 1317 610 1359 Iulii
640 1318 754 1359 circa
784 1318 1011 1374 septimam
1041 1316 1125 1358 diei
1153 1317 1302 1359 horam
1332 1316 1459 1360 facta.

428 1374 549 1416 1034.
580 1375 821 1430 Imperator
838 1375 991 1415 iterum
1012 1373 1310 1428 Burgundiam
1331 1387 1429 1414 cum
1450 1371 1621 1428 magnis
1631 1370 1812 1428 petens*

315 1431 464 1486 copiis,
496 1431 639 1471 omnia
660 1430 721 1471 cis
743 1429 969 1471 Rodanum
991 1429 1165 1471 castella
1185 1429 1378 1482 subiecit,
1398 1428 1641 1470 Murtenam
1670 1426 1812 1480 diruit,

317 1486 589 1529 Genuensem
626 1486 778 1528 urbem
822 1487 1008 1539 intravit,
1052 1485 1403 1540 Lugdunensemi
1442 1483 1815 1540 archiepiscopum

315 1542 630 1598 Burghardum,
661 1541 876 1584 hominem
897 1556 1052 1598 genere
1073 1541 1260 1584 nobilem
1280 1548 1322 1583 et
1342 1547 1602 1594 strennuum,
1633 1538 1709 1582 sed
1737 1553 1816 1595 per

317 1599 461 1640 omnia
489 1598 717 1640 scelestum
748 1604 789 1640 et
819 1597 1086 1653 sacrilegum,
1117 1613 1214 1639 cum
1245 1596 1389 1639 multis
1419 1595 1513 1638 aliis
1540 1594 1809 1652 principibus

315 1655 360 1695 in
380 1654 648 1697 dedicionem
668 1655 846 1710 accepit,
875 1653 998 1696 subiu
1031 1660 1186 1710 atoque
1207 1652 1483 1710 Burgundiae
1503 1666 1647 1707 regno,
1667 1650 1808 1693 rediit.

314 1711 450 1767 Ipsok
509 1725 620 1752 anno
674 1710 939 1753 Warmanno
994 1669 1320 1753 gonstantiense
1369 1709 1572 1765 episcopo
1626 1712 1809 1760 mortuo,

313 1767 444 1809 frater
482 1767 572 1808 eius
609 1767 913 1809 Eberhardus*
951 1767 1206 1819 succedens,
1237 1765 1417 1822 plus-12
1455 1763 1638 1821 praefuit
1672 1763 1810 1804 annis.

315 1823 617 1878 Meginhardol
672 1838 843 1880 quoque
892 1822 1087 1879 praesule
1137 1821 1534 1877 wirzeburgensem
1593 1819 1810 1873 defuncto,

316 1880 458 1932 Brun,
503 1878 706 1935 patruelis
753 1879 1045 1935 imperatoris,
1094 1878 1206 1920 filius
1251 1878 1442 1921 scilicet¹²
1483 1891 1539 1918 ex
1576 1873 1811 1918 Mahthilde

317 1935 536 1978 Counradi
580 1935 714 1988 ducis,
759 1936 1053 1991 episcopatum
1093 1934 1161 1977 die
1198 1933 1383 1990 paschae
1423 1933 1625 1988 accepit0.
1678 1930 1812 1988 Apud

318 1991 525 2033 Sanctum
557 1990 727 2034 Gallum
762 1992 889 2034 etiam
920 1989 1167 2061 Theopaldo
1197 1990 1352 2032 abbate
1383 1988 1637 2041 decedente,
1674 1986 1812 2029 Nord-

315 2054 464 2104 pertus
523 2048 742 2089 successit.
814 2047 979 2103 Pagani
1025 2046 1169 2089 bclavi
1221 2045 1387 2088 Leutizi
1435 2044 1540 2087 dieti
1598 2043 1814 2086 Saxoniae

246 2110 250 2134 ³
314 2105 518 2147 terminos
546 2103 759 2145 infestant.

433 2160 554 2202 1035.
598 2160 651 2201 In
694 2158 818 2201 Italia
860 2160 1045 2200 minores
1089 2157 1243 2201 milites
1289 2163 1436 2199 contra
1473 2155 1812 2198 dominosssuos

316 2217 597 2271 insurgentes,
629 2221 671 2257 et
700 2216 786 2257 suis
815 2214 982 2271 legibus
1005 2215 1148 2257 vivere
1169 2228 1328 2270 eosque
1349 2212 1588 2270 opprimere
1608 2210 1812 2265 volentes,

317 2272 503 2315 validam
549 2272 883 2314 coniurationem
923 2271 1074 2315 fecere.
1140 2270 1210 2312 Ad
1256 2284 1361 2326 quos
1405 2266 1661 2310 coercendos
1713 2281 1814 2309 cum

317 2329 555 2385 primoresp
585 2327 761 2369 adunati
790 2342 983 2384 pugnam
1012 2327 1168 2369 inirent
1179 2335 1210 2379 q,
1242 2324 1363 2367 multi
1382 2324 1621 2380 utrimquer
1651 2323 1813 2366 cecide-

317 2391 437 2438 runt3
468 2385 578 2427 inter
627 2399 704 2426 uos
726 2385 855 2426 etiam
873 2383 1067 2426 Astensis
1086 2391 1094 2412 ¹
1127 2383 1354 2438 episcopus
1375 2379 1620 2422 vulneratus
1639 2379 1814 2422 interiit.

317 2440 560 2482 Adalbero⁵
634 2455 694 2482 ux
738 2439 969 2483 Oarentani
1006 2445 1048 2481 et
1090 2438 1307 2495 Hystriae,
1343 2436 1502 2478 amissa
1543 2435 1814 2492 imperatoris

418 2559 448 2594 a)
480 2561 554 2586 deese
576 2562 608 2593 l;
636 2562 756 2587 habetur
778 2562 804 2587 3.
886 2559 917 2594 b)
950 2561 992 2585 bie
1011 2559 1128 2591 scripta,
1150 2559 1232 2583 semel
1257 2558 1345 2583 deleta
1376 2558 1400 2584 1.
1483 2555 1511 2590 c)
1541 2563 1613 2582 oum
1647 2570 1682 2575 —
1713 2554 1744 2581 id
1767 2557 1814 2582 est

319 2600 421 2626 desum
444 2601 459 2625 1
489 2608 521 2626 ecc
543 2601 687 2626 Bernoldo
708 2601 877 2633 supplenda.
960 2597 990 2632 d)
1019 2599 1154 2629 Bocaug.
1179 2599 1205 2624 1.
1287 2596 1316 2630 e)
1347 2597 1483 2622 uiduatis
1507 2597 1532 2622 1.
1614 2593 1637 2628 f)
1664 2595 1763 2621 hiems
1786 2595 1814 2621 1.

321 2638 352 2672 g)
383 2640 496 2672 reliqua
518 2640 591 2665 anni
611 2641 712 2666 desunt
735 2641 762 2667 2.
844 2638 875 2672 h)
908 2642 1031 2671 spetens
1056 2638 1082 2663 1.
1163 2635 1185 2668 i)
1204 2637 1326 2662 Ludun.
1357 2638 1383 2662 1.
1465 2634 1496 2669 k)
1517 2635 1584 2667 ipso
1611 2641 1702 2668 usque
1722 2633 1814 2660 aunis

319 2679 421 2704 desum
443 2681 470 2704 2.
538 2678 560 2712 l)
584 2679 726 2712 Megenh.
753 2682 777 2706 1.
859 2676 901 2711 m)
925 2677 1066 2704 Werzeb.
1091 2678 1124 2709 13
1145 2677 1272 2703 Wirzib.
1295 2677 1322 2702 2.
1403 2673 1436 2708 n)
1459 2675 1560 2701 silicet
1581 2676 1608 2701 1.
1696 2671 1726 2707 o)
1747 2672 1813 2698 reli-

319 2725 378 2751 qua
398 2719 471 2744 anni
491 2719 593 2744 desunt
616 2720 642 2744 2.
725 2718 758 2753 p>
779 2719 896 2752 priores
918 2718 946 2744 2.
1014 2716 1045 2749 q)
1068 2717 1184 2742 intrent
1207 2717 1233 2742 2.
1316 2713 1342 2748 r)
1365 2715 1486 2747 utrique
1500 2715 1526 2740 1.
1611 2712 1638 2748 s)
1656 2711 1813 2739 Adamero

320 2765 410 2790 usque
431 2758 588 2784 abducunt
608 2759 709 2784 <lesum
731 2760 758 2786 2.

424 2857 462 2900 1)
495 2855 692 2891 Addo-icus.
