1864 3250
415 257 625 292 WIPONIS
653 255 808 291 GESTA
836 256 1125 290 CHUONRADI
1151 257 1250 290 IMP.
1536 259 1581 292 17

82 371 303 426 inviolata,
333 375 540 428 quantum
578 369 760 411 hominis
792 374 875 422 est,
915 368 969 411 ab
1001 382 1050 410 eo
1082 374 1285 411 servetur.
1344 369 1507 411 Tecum
1537 376 1680 415 et1024.

81 434 258 486 propter
285 433 327 470 te
355 426 479 469 nobis
509 431 574 468 est
603 439 761 479 sermo,
802 425 957 467 domne
998 439 1089 467 rex,
1147 425 1383 480 Dominus,
1422 425 1498 482 qui
1535 431 1578 468 te

82 484 231 542 elegit,
276 489 324 525 ut
362 497 478 525 esses
517 496 595 524 rex
632 496 761 538 super
799 480 1005 536 populum
1044 489 1215 535 suum¹,
1259 482 1351 536 ipse
1386 488 1428 523 te
1457 482 1576 537 prius

81 540 219 582 voluit
246 540 447 597 probare,
565 543 608 580 et
635 536 910 593 postmodum
939 551 1135 593 regnare:
1248 536 1436 593 flagellat
1465 538 1578 579 enim

83 611 254 639 omnem
302 610 430 652 quem
477 594 679 650 recipit23
809 592 1065 649 dignabatur
1113 593 1327 649 corripere
1450 608 1577 650 quem

81 652 276 696 voluerat
303 652 514 708 recipere,
613 649 776 706 placuit
803 650 842 691 ei
871 648 1095 691 humiliare
1195 663 1323 705 quem
1353 651 1579 706 proposuit

81 708 312 751 exaltare⁸.
436 707 509 748 Sic
551 706 672 748 Deus
715 703 905 747 Abraam
951 720 1124 747 servum
1171 719 1295 746 suum
1339 707 1578 762 temptavit,

82 771 126 808 et
153 769 406 820 temptatum
436 762 702 819 glorificavit.
819 761 892 804 Sic
911 761 1060 803 David
1088 760 1296 803 famulum
1327 776 1451 803 suum
1474 762 1578 805 Saul

81 821 196 887 regis
223 822 347 874 iram,
376 819 730 876 persecutionem,
759 818 937 860 iniurias
949 824 979 872 ⁸,
1009 816 1186 859 latibula
1216 817 1385 871 deserti,
1416 817 1578 874 fugam,

80 876 258 920 exilium
287 877 378 932 pati
407 875 612 931 permisit,
708 888 835 931 quem
865 880 1016 930 postea
1043 888 1191 930 regem
1221 873 1577 930 gloriosissimum

80 934 126 975 in
154 931 318 975 Israhel
345 932 458 974 fecit.
564 931 724 973 Beatus
746 931 819 986 qui
839 930 986 972 suffert
1006 932 1342 986 temptationem,
1374 931 1577 986 quoniam

79 988 150 1032 hic
179 989 389 1045 aecipietb
421 1001 623 1030 coronam
635 994 666 1029 ⁴.
724 987 822 1028 Non
853 987 942 1028 sine
973 1000 1102 1028 causa
1138 993 1180 1028 te
1211 986 1332 1028 Deus
1372 987 1576 1041 exercuit,

80 1045 266 1088 fructum
297 1050 543 1101 sequentem
586 1044 630 1084 in
669 1050 709 1084 te
750 1042 1048 1084 dulcificavit⁵.
1163 1043 1362 1084 Permisit
1390 1049 1432 1085 te
1462 1049 1577 1086 ante-

81 1101 262 1144 cessoris
291 1101 354 1142 tui
383 1100 651 1156 imperatoris
672 1099 865 1141 Heinrici
891 1099 1073 1154 gratiam
1103 1098 1296 1154 perdere,
1394 1106 1436 1141 et
1465 1114 1577 1141 eam-

81 1157 181 1200 dem
209 1157 363 1200 iterum
391 1156 596 1212 recipere,
684 1161 732 1197 ut
761 1155 872 1196 scias
902 1154 1031 1196 modo
1059 1154 1125 1196 his
1155 1155 1347 1196 misereri
1378 1156 1453 1211 qui
1482 1170 1577 1211 per-

80 1214 189 1256 dunt
229 1213 411 1269 gratiam
454 1219 591 1264 tuam3
641 1225 791 1267 passus
829 1225 874 1252 es
909 1211 1105 1264 iniurias,
1219 1217 1268 1252 ut
1309 1225 1424 1252 nunc
1469 1212 1578 1253 scias

79 1269 276 1312 misereri
312 1267 616 1310 sustinentibus
652 1267 850 1321 iniurias3
978 1267 1083 1308 ietas
1114 1266 1259 1308 divina
1343 1266 1506 1309 noluit0
1535 1274 1577 1310 te

80 1340 173 1368 esse
204 1326 294 1367 sine
324 1324 571 1381 disciplina,
667 1330 715 1365 ut
743 1328 840 1379 post
870 1281 1051 1365 caeleste
1080 1323 1374 1378 magisterium
1470 1323 1577 1366 chri-

80 1382 265 1425 stianum
295 1395 470 1438 caperes
499 1380 740 1436 imperium.
854 1378 925 1420 Ad
957 1393 1168 1420 summam
1200 1378 1453 1434 dignitatem
1483 1395 1577 1436 per-

79 1438 246 1490 venisti,
359 1437 544 1479 vicarius
579 1451 624 1478 es
656 1435 827 1478 Christi.
943 1435 1079 1477 Nemo
1118 1435 1200 1476 nisi
1239 1435 1352 1477 illius
1390 1436 1579 1478 imitator

78 1494 241 1537 verusd
269 1499 335 1535 est
363 1492 622 1546 dominat0r3
710 1497 877 1548 oportet
901 1496 948 1532 ut
976 1492 1022 1532 in
1051 1491 1132 1532 hoc
1162 1490 1267 1533 solio
1298 1492 1421 1547 regni
1509 1506 1577 1533 co-

79 1550 190 1606 gites
233 1549 286 1592 de
324 1548 482 1591 honore
525 1548 716 1604 perenni.
831 1547 991 1603 Magna
1034 1546 1212 1589 felicitas
1249 1553 1313 1590 est
1341 1548 1386 1589 in
1416 1548 1575 1590 mundo

79 1620 282 1662 regnare,
397 1605 587 1646 maxima
624 1610 766 1647 autem
810 1604 855 1645 in
901 1602 1029 1645 caelis
1069 1603 1346 1659 triumphare.
1464 1603 1575 1646 Cum

79 1676 180 1704 vero
216 1661 339 1704 Deus
379 1675 405 1702 a
444 1668 484 1702 te
522 1659 657 1702 multa
698 1660 907 1716 requirat,
1023 1659 1105 1700 hoc
1147 1660 1421 1715 potissimum
1465 1659 1576 1702 desi-

80 1717 241 1772 derat⁶,
342 1723 389 1758 ut
417 1717 550 1758 facias
579 1716 786 1758 iudicium
817 1722 859 1758 et
887 1716 1120 1758 iustitiam⁷
1151 1729 1201 1756 ac
1227 1730 1379 1772 pacem
1395 1717 1575 1771 patriae,

81 1788 191 1832 quae
220 1787 390 1830 semper
418 1773 593 1829 respicit
620 1771 675 1814 ad
705 1779 769 1825 te,
883 1778 931 1814 ut
968 1773 1024 1813 sis
1063 1770 1260 1813 defensor
1299 1770 1576 1814 ecclesiarum

79 1836 124 1873 et
151 1829 416 1882 clericorum,
500 1834 616 1871 tutor
654 1828 883 1870 viduarum
926 1833 968 1870 et
998 1842 1045 1870 or
1076 1826 1303 1869 banorum:
1392 1842 1488 1870 cum
1510 1827 1575 1870 his

81 1891 124 1928 et
151 1885 247 1928 aliis
283 1885 408 1928 bonis
443 1884 682 1926 firmabitur
710 1884 886 1926 thronus
916 1889 1016 1926 tuus
1045 1843 1115 1925 iiie
1145 1890 1188 1925 et
1214 1884 1258 1924 in
1278 1890 1535 1940 perpetuum
1546 1891 1575 1926 ⁸.

79 1942 140 1985 Et
166 1956 300 1995 nunc,
331 1942 486 1983 domne
515 1956 593 1984 rex
603 1973 613 1995 ,
645 1941 782 1982 omnis
813 1947 961 1982 sancta
990 1939 1169 1982 ecclesia
1198 1940 1424 1982 nobiscum
1454 1946 1578 1995 rogat

80 1999 263 2054 gratiam
302 2003 421 2040 tuam
459 2011 538 2053 pro
576 1996 662 2050 his,
709 1997 783 2054 qui
821 2002 970 2038 contra
998 2002 1039 2038 te
1069 1994 1274 2037 hactenus
1305 1995 1578 2053 deliquerunt

82 2061 124 2098 et
152 2054 384 2097 offensione
423 2053 565 2110 aliqua
600 2055 782 2109 gratiam
819 2058 937 2094 tuam
965 2051 1256 2108 perdiderunt.
1315 2052 1387 2093 Ex
1417 2051 1575 2108 quibus

82 2117 148 2153 est
174 2125 286 2152 unus
317 2108 420 2152 Otto
449 2110 642 2162 nomine,
673 2109 740 2150 vir
768 2108 947 2162 nobilis,
987 2108 1060 2165 qui
1090 2114 1132 2150 te
1163 2107 1453 2162 offendebat⁹;
1498 2123 1576 2164 pro

81 2165 154 2208 illo
185 2173 228 2209 et
254 2165 430 2222 reliquis
470 2165 668 2208 omnibus
709 2163 976 2207 clementiam
1014 2171 1133 2206 tuam
1172 2178 1365 2218 oramus,
1410 2170 1458 2206 ut
1495 2164 1577 2207 illis

82 2221 272 2265 dimittas
315 2236 393 2279 pro
433 2221 615 2264 karitate
644 2221 749 2274 Dei,
791 2235 899 2277 quae
928 2227 970 2263 te
999 2219 1126 2262 hodie
1156 2220 1200 2261 in
1229 2220 1370 2262 virum
1399 2219 1579 2263 alterum

202 2341 233 2377 a)
255 2343 385 2370 iniurias
407 2345 438 2369 et
458 2343 478 2368 l.
500 2342 526 2369 2.
629 2340 661 2375 b)
683 2342 797 2375 accipit
810 2343 836 2368 1.
919 2340 947 2375 ο)
977 2341 1078 2367 voluit
1100 2342 1127 2367 1.
1150 2341 1184 2373 23
1217 2341 1374 2367 emendavit
1396 2341 1580 2368 Giesebrocm.

82 2380 115 2416 d)
135 2389 226 2409 verus
246 2383 384 2409 imitator
403 2389 436 2409 es
457 2382 631 2408 dominator
652 2382 678 2407 1.

211 2473 249 2518 1)
289 2475 310 2507 3
337 2474 423 2518 Req.
450 2474 485 2514 8,
514 2474 576 2506 16:
617 2473 711 2517 elegi
740 2473 879 2515 David,
916 2477 956 2507 ut
991 2478 1086 2508 esset
1119 2485 1227 2518 super
1251 2473 1421 2518 populum
1449 2483 1581 2506 meum.

86 2521 127 2567 2)
152 2522 263 2557 Hebr.
284 2524 340 2565 12,
355 2524 395 2556 6:
422 2522 584 2566 flagellat
601 2533 740 2556 omnem
758 2522 882 2562 filium,
909 2533 1014 2566 quem
1032 2523 1169 2566 recipit.
1263 2524 1300 2565 3)
1327 2522 1414 2555 Luc.
1440 2522 1495 2563 14,
1516 2522 1581 2555 11:

86 2573 147 2616 qui
161 2583 200 2606 se
215 2572 350 2605 exaltat
362 2572 615 2612 humiliabitur,
631 2577 666 2604 et
679 2573 740 2615 qui
754 2582 792 2605 se
808 2571 974 2605 humiliat
988 2571 1212 2605 exaltabitur.
1265 2571 1304 2614 4)
1331 2570 1441 2604 Jacob
1471 2570 1580 2610 1,12:

85 2621 214 2655 beatus
229 2622 295 2662 vir,
324 2621 384 2664 qui
402 2619 524 2654 suffert
548 2623 802 2661 tentationem
837 2631 917 2653 cum
943 2621 1116 2664 probatus
1142 2621 1266 2660 fuerit,
1293 2621 1451 2663 accipiet
1478 2629 1580 2653 eoro-

86 2679 168 2703 nam
194 2670 302 2703 vitae.
417 2667 456 2712 5)
483 2669 578 2702 Eccl.
607 2669 663 2708 11,
688 2671 728 2702 3:
766 2674 801 2703 et
820 2670 959 2702 initium
988 2669 1145 2703 dulcoris
1171 2670 1281 2703 habet
1306 2669 1442 2702 fructus
1469 2668 1580 2702 illius.

86 2715 128 2762 6)
173 2717 214 2752 V.
241 2717 439 2761 capitulare
472 2716 674 2751 Hludowici
706 2716 766 2751 Pii
800 2729 834 2752 a.
864 2718 948 2751 825.
983 2729 1011 2751 c.
1039 2719 1072 2759 2,
1111 2717 1247 2763 Legum
1288 2717 1328 2750 T.
1364 2716 1397 2759 I,
1429 2728 1468 2760 p.
1496 2717 1580 2750 243.

89 2766 128 2811 ⁷)
155 2768 176 2800 3
202 2766 289 2812 Req.
318 2767 375 2807 10,
394 2767 435 2799 9:
469 2770 510 2799 ut
533 2767 671 2800 faceres
697 2766 869 2800 iudicium
898 2770 934 2800 et
959 2767 1157 2809 iusticiam3
1197 2767 1243 2810 cf.
1274 2767 1291 2798 1
1321 2765 1407 2799 Par.
1438 2765 1494 2806 18,
1516 2765 1580 2804 143

88 2815 110 2848 2
137 2815 223 2849 Par.
242 2817 276 2857 9,
294 2815 329 2849 8.
432 2814 470 2858 8)
502 2814 608 2849 Prov.
642 2815 699 2856 29,
721 2816 782 2849 14:
813 2816 975 2849 Thronus
1003 2817 1077 2850 eius
1103 2817 1140 2849 in
1166 2820 1348 2850 aeternum
1375 2814 1583 2850 firmabitur.

87 2862 128 2908 9)
158 2863 244 2905 Quis
259 2863 388 2908 fuerit,
407 2865 625 2909 ignoramus.

1274 2920 1302 2961 2
