1864 3250
312 241 359 273 20
644 239 854 273 WIPONIS
878 239 1032 273 GESTA
1060 239 1349 273 GHUONRADI
1373 241 1472 274 IMP.

210 370 298 398 1024.
311 351 499 408 aliquam
542 365 704 392 moram
748 351 906 392 faceret
949 357 992 392 et
1033 357 1197 392 mature
1241 351 1387 393 divina
1431 351 1572 394 officia
1613 352 1801 408 audiret3

310 408 545 464 respiciens
583 406 639 448 ad
676 421 699 448 e
731 407 922 462 iscopos,
954 413 1002 448 ut
1029 407 1217 448 vicarius
1249 406 1421 461 Christi,
1456 407 1802 451 christianissime

310 462 619 520 respondebat:
680 467 692 487 ‘
727 463 742 503 i
771 477 914 504 meum
936 468 999 504 est
1017 462 1213 518 regimini
1238 463 1444 517 insistere,
1477 470 1519 506 et
1537 464 1582 506 id
1600 465 1683 506 viri
1703 479 1802 506 con-

311 520 462 562 stantis
493 525 558 560 est
586 532 857 574 nequaquam
888 517 1057 559 differre
1089 518 1204 574 quod
1233 525 1332 574 apte
1359 519 1452 561 fieri
1480 519 1613 574 valet,
1643 522 1800 563 rectius

310 575 417 616 mihi
445 574 616 627 videtu-r
630 582 641 603 ¹
674 573 814 616 facere
846 574 959 630 quod
994 573 1149 628 debeo,
1265 589 1393 630 quam
1424 575 1529 631 quid
1556 575 1801 619 faciendum

310 632 365 673 sit
394 630 540 671 audire
571 630 625 672 ab
656 629 751 672 alio.
867 630 1044 672 Memini
1074 645 1149 671 vos
1180 645 1307 687 saepe
1347 630 1528 686 dixisse,
1566 646 1653 674 non
1681 632 1800 675 audi-

310 693 422 729 tores
466 685 572 741 legis
619 685 695 727 sed
737 685 919 728 factores
963 685 1184 728 iustificari
1198 694 1227 727 ².
1286 686 1333 729 Si
1377 692 1520 728 autem
1563 687 1620 729 ad
1655 702 1802 730 conse-

311 743 556 795 crationem,
586 748 634 783 ut
664 741 818 795 dicitis,
847 742 1135 784 festinandum
1165 748 1240 795 est,
1271 748 1388 784 tanto
1420 743 1584 785 cautius
1607 744 1653 785 in
1674 759 1698 786 0
1732 759 1801 787 ere

310 798 397 840 Dei
427 812 600 853 gressus
622 812 740 839 meos
762 799 962 840 convenit
980 797 1086 838 mihi
1105 799 1287 853 firmare,
1403 805 1533 841 uanto
1553 814 1621 841 me
1641 813 1690 841 ar
1721 814 1802 842 uae

310 854 508 910 dignitati
553 868 765 909 cognosco
804 855 1120 910 propinquare'.
1183 854 1330 896 Haeca
1402 855 1539 908 icens,
1577 855 1624 897 in
1651 855 1802 898 eadem

310 911 490 952 statione
519 916 722 963 moratus,
753 910 828 952 ubi
857 910 1043 965 primum
1074 916 1348 952 occurrerant
1374 909 1436 952 illi
1466 910 1713 964 calamitosi,

536 964 743 1007 Passibus
773 965 961 1007 immotis
989 964 1130 1020 legem
1159 967 1421 1021 praefecerat
1448 966 1542 1008 illis.

310 1022 426 1063 Hinc
454 1020 675 1077 paululum
703 1021 963 1076 procedens,
1001 1022 1118 1063 venit
1152 1028 1250 1064 ante
1285 1021 1404 1063 illum
1435 1022 1610 1079 quidam
1640 1022 1801 1079 dicens,

311 1093 357 1119 se
387 1076 615 1132 expulsum
655 1092 748 1119 esse
777 1078 917 1132 patria
946 1078 1118 1119 omnino
1148 1078 1237 1120 sine
1268 1077 1414 1134 culpa3
1446 1094 1574 1135 quem
1612 1093 1692 1121 rex
1725 1094 1803 1136 per

310 1132 534 1175 brachium
563 1132 902 1188 apprehendenS,
937 1148 1065 1188 super
1095 1148 1242 1175 omnes
1274 1135 1597 1177 circumstantes
1626 1136 1803 1178 attraxit

311 1204 447 1246 usque
476 1188 532 1230 ad
562 1188 714 1230 solium
745 1203 869 1230 suum
881 1190 912 1243 b,
943 1189 1090 1246 ibique
1121 1204 1295 1232 causam
1324 1191 1470 1233 miseri
1497 1190 1667 1233 cuidam
1686 1192 1801 1248 prin-

312 1247 457 1302 cipum
487 1259 661 1287 suorum
693 1244 919 1301 diligenter
948 1245 1276 1288 commendavit.

602 1300 726 1342 Felix
754 1301 923 1343 initium
953 1302 1160 1358 regnandi
1189 1303 1375 1345 cernitur
1405 1317 1511 1358 esse,

310 1357 386 1399 ubi
424 1356 522 1412 plus
560 1356 784 1399 festinatur
820 1357 876 1399 ad
911 1357 1150 1400 faciendam
1179 1357 1317 1413 legem
1433 1373 1561 1415 quam
1590 1359 1645 1401 ad
1674 1359 1800 1403 bene-

310 1412 541 1456 dicendum
590 1428 750 1468 regem.
878 1413 1181 1456 Abundantius
1230 1421 1321 1456 erat
1368 1415 1413 1455 in
1459 1430 1560 1471 rege
1611 1415 1800 1458 studium

310 1469 594 1511 miserationis
682 1483 810 1525 quam
840 1469 1098 1512 desiderium
1136 1471 1485 1525 consecrationis3
1571 1485 1649 1527 per
1679 1472 1802 1514 semi-

310 1531 425 1566 tam⁸
446 1525 632 1567 iustitiae
651 1524 891 1579 incedebat,
988 1526 1158 1581 quando
1188 1526 1353 1581 regium
1382 1526 1586 1570 honorem
1614 1527 1801 1583 petebat.

310 1581 484 1622 Poterat
521 1580 663 1622 dicere
704 1595 804 1622 cum
841 1580 1062 1636 psalmista
1075 1588 1110 1623 4:
1224 1583 1305 1624 Pes
1341 1598 1459 1624 meus
1494 1584 1604 1625 stetit
1639 1585 1690 1626 in
1725 1586 1802 1627 via

310 1643 442 1678 recta.
537 1636 747 1678 Firmavit
776 1651 821 1678 se
884 1651 929 1678 er
957 1638 1120 1692 gratiae
1149 1637 1329 1692 bonum,
1429 1639 1681 1695 priusquam
1702 1654 1801 1682 con-

311 1691 533 1734 scenderet
561 1691 805 1734 iudicialem
834 1699 852 1734 t
882 1707 1046 1735 ronum.
1152 1694 1350 1736 Timebat
1378 1695 1662 1751 praecipitari,
1763 1696 1801 1737 si

309 1762 397 1790 non
426 1754 538 1790 esset
574 1763 737 1804 aequus
773 1749 820 1789 in
862 1747 1085 1791 altitudine
1118 1749 1263 1805 regali.
1380 1751 1492 1792 Satis
1530 1757 1620 1793 erat
1654 1750 1801 1793 lauda-

310 1802 410 1857 bile,
441 1804 553 1845 inter
582 1818 694 1846 nova
723 1804 902 1860 gaudia,
1014 1805 1125 1847 inter
1164 1805 1366 1848 deliciosa
1401 1807 1513 1862 regis
1550 1807 1798 1862 ministeria,

309 1865 374 1901 tot
411 1874 651 1916 pauperum
689 1859 896 1902 clamores
942 1860 1091 1903 audire
1205 1867 1246 1903 et
1290 1876 1437 1904 eorum
1477 1877 1629 1905 causas
1665 1862 1800 1906 finire.

309 1914 459 1957 Noluit
510 1915 748 1971 negligere,
863 1916 979 1972 quod
1033 1918 1115 1959 cito
1159 1918 1299 1973 potuit
1339 1933 1499 1973 regere.
1613 1918 1802 1962 Rennuit

310 1971 519 2013 iustitiam
549 1970 746 2024 dilatare,
844 1972 1047 2028 quoniam
1076 1971 1182 2014 illud
1211 1979 1302 2015 erat
1329 1988 1522 2029 regnare.
1619 1974 1802 2018 Distulit

311 2041 433 2068 suam
460 2026 804 2069 benedictionem
917 2035 1093 2084 propter
1126 2030 1291 2085 regium
1331 2028 1554 2085 honorem3
1593 2031 1801 2087 scriptum

311 2089 376 2125 est
405 2084 564 2124 enim⁵:
597 2084 752 2125 Honor
780 2085 897 2139 reyis
925 2085 1143 2127 iudicium
1173 2086 1255 2127 dili
1284 2087 1330 2127 it.

546 2139 600 2180 In
630 2140 794 2181 cunctis
823 2139 951 2182 rebus
979 2139 1040 2181 nil
1070 2141 1130 2182 sic
1159 2155 1236 2197 pro
1270 2156 1363 2183 esse
1392 2139 1564 2195 valebit,

650 2194 770 2236 Sicut
798 2195 1002 2237 iudicium
1031 2197 1146 2252 regis
1176 2197 1233 2239 ad
1262 2197 1463 2239 officium.

309 2249 378 2291 Ita
415 2263 494 2291 rex
530 2250 575 2290 in
612 2249 769 2293 talibus
810 2253 948 2293 causis
986 2266 1064 2308 pro
1103 2252 1259 2309 quibus
1294 2253 1479 2295 maxime
1507 2254 1626 2309 regia
1654 2259 1800 2297 aucto-

308 2305 411 2347 ritas
441 2305 702 2361 interpellari
737 2305 861 2360 solet,
898 2307 979 2349 hoc
1018 2315 1082 2350 est
1118 2323 1197 2364 pro
1228 2309 1517 2363 ecclesiarum,
1547 2309 1799 2364 viduarum,

310 2360 599 2417 orphanorum
643 2362 909 2417 defensione,
952 2363 1007 2405 ad
1050 2363 1214 2421 reliqua
1256 2364 1466 2420 regimina
1509 2364 1592 2406 sibi
1636 2380 1687 2408 ea
1729 2365 1799 2408 die

309 2417 427 2458 viam
457 2418 741 2474 praeparavit.

428 2537 458 2570 a)
478 2538 554 2564 haec
574 2545 664 2570 usque
685 2537 739 2564 ubi
759 2538 860 2564 desum
883 2539 910 2566 1.
1001 2538 1032 2573 b)
1055 2540 1156 2566 solum
1180 2542 1207 2567 1.

433 2628 471 2672 1)
498 2628 588 2663 Sall.
608 2628 680 2663 Cat.
699 2642 728 2664 c.
748 2632 784 2663 1:
811 2632 898 2664 mihi
923 2633 1055 2665 rectius
1080 2632 1231 2666 videtur.
1334 2632 1372 2677 2)
1398 2633 1468 2677 Ep.
1492 2634 1541 2667 ad
1556 2634 1657 2669 Rom.
1677 2634 1711 2676 2,
1732 2634 1798 2668 13:

306 2687 379 2710 non
411 2679 506 2711 enim
541 2678 722 2713 auditores
754 2679 846 2722 legis
880 2681 964 2713 iusti
997 2685 1077 2714 sunt
1110 2682 1205 2723 apud
1232 2682 1369 2724 Deum,
1408 2684 1476 2716 sed
1512 2683 1667 2717 factores
1704 2683 1798 2726 legis

305 2725 603 2760 iustificabuntur.
656 2726 708 2771 Of.
740 2727 853 2762 Otloh.
877 2728 1044 2763 Proverb.
1071 2740 1098 2762 c.
1123 2730 1179 2770 13,
1205 2729 1275 2763 Pez
1302 2731 1365 2765 col.
1394 2731 1484 2764 513:
1519 2743 1590 2765 non
1615 2731 1797 2766 auditores

305 2773 374 2807 sed
397 2775 548 2808 factores
574 2775 667 2818 legis
693 2776 989 2811 iustificabuntur.
1099 2778 1147 2819 3).
1173 2779 1309 2813 Semita
1342 2781 1511 2821 iustitiae,
1544 2780 1645 2815 Psal.
1679 2780 1737 2821 22,
1755 2781 1796 2822 ὃς

305 2821 475 2858 Proverb.
505 2824 561 2865 12,
582 2825 639 2865 28,
666 2825 821 2868 saepius.
923 2825 961 2870 4)
990 2826 1089 2860 Psaz.
1113 2827 1172 2867 25,
1193 2828 1249 2863 12.
1350 2827 1389 2871 5)
1414 2828 1515 2863 Psal.
1541 2829 1599 2869 95,
1619 2829 1652 2863 7.
