1864 3250
530 239 742 274 WIPONIS
754 248 755 251 ’
767 238 1098 272 TETRALOGUS.

176 353 410 395 Doctrinae
439 350 584 393 lumen
612 350 886 393 tenebrosum
916 349 1062 406 dirigit
1091 350 1256 404 orbem3

70 420 144 455 165
179 408 341 452 Gentes
370 407 544 450 infestas
573 407 679 450 vicit
707 407 902 449 Romana
930 411 1120 462 potestas

178 464 293 509 Olim
324 462 536 517 consiliis3
566 477 652 505 non
683 477 851 519 semper
878 462 1044 504 vicerat
1072 461 1216 503 armis.

174 521 256 564 Est
285 520 387 563 satis
417 525 656 576 expertum,
719 525 897 561 uantum
928 518 1138 575 sapientia
1165 519 1315 575 possit,

175 577 298 631 Quae
326 591 406 633 per
432 576 521 618 vim
550 575 671 618 verbi
688 534 835 618 (ilectit
863 573 1158 616 moderamina
1185 576 1321 630 regni.

174 634 283 684 Rex,
312 633 468 675 iterum
498 631 632 674 salve!
662 630 740 674 tibi
769 630 862 673 laus
893 631 947 672 sit
976 645 1076 672 cum
1106 631 1326 686 genitrice,

70 699 148 734 170
178 688 251 731 Ad
281 689 403 731 cuius
432 694 580 731 votum
610 687 688 729 tibi
718 686 792 729 dat
821 687 1032 743 sapientia
1060 692 1211 739 totum,

179 745 277 799 Quo
309 745 440 787 decus
469 744 638 801 imperii
667 743 813 786 valeas
842 758 920 800 per
948 743 1042 785 iura
1071 743 1204 784 tueri!

176 800 456 857 Gongaudete
488 800 632 854 simul;
667 815 753 842 non
781 806 829 842 ut
859 798 1073 842 discordia
1100 805 1262 856 regnet,

174 857 296 911 Quae
326 856 488 899 dudum
518 857 640 913 regni
669 856 857 899 turbavit
884 854 1044 912 gaudia
1073 856 1224 898 nostri!

175 913 288 956 Cum
317 914 500 956 dominis
529 928 672 955 rerum
703 913 758 955 sit
785 927 873 968 pax
904 913 996 954 sine
1027 911 1111 954 fine
1141 912 1329 954 dierum!

67 979 143 1015 175
178 969 217 1012 Ο
248 975 419 1012 sanctos
449 983 602 1023 mores,
634 983 732 1011 cum
761 969 888 1010 matri
917 968 1061 1011 reddis
1091 968 1295 1023 honores;

175 1025 256 1068 Est
283 1025 362 1068 tibi
392 1040 490 1082 spes
519 1026 648 1079 vitae,
683 1025 719 1066 si
748 1024 821 1066 fita
852 1024 933 1067 sibi
962 1024 1098 1080 gloria
1159 1040 1204 1067 er
1233 1031 1287 1067 te.

174 1080 227 1124 Si
252 1081 355 1138 quid
384 1089 475 1124 erat
501 1081 596 1123 rixe
607 1082 639 1135 ¹³,
670 1081 792 1123 Deus
822 1079 927 1123 illud
956 1086 1121 1122 transtu
1139 1082 1172 1123 it
1199 1081 1314 1137 ipse3

175 1137 292 1180 Exin
321 1137 461 1179 nullus
490 1137 616 1179 homo
647 1137 798 1179 foedus
830 1135 1062 1179 dissolvere
1092 1137 1240 1193 possit,

174 1193 329 1247 *Quod
358 1193 480 1236 Deus
509 1194 719 1248 adiunxit,
751 1193 823 1250 qui
853 1194 974 1249 pacis
1005 1193 1118 1234 dona
1149 1194 1330 1237 creavit!

63 1260 140 1296 180
171 1250 339 1293 Perstet
367 1249 549 1292 dulcedo
579 1250 760 1293 materni
789 1250 973 1291 nominis
1002 1250 1046 1290 in
1075 1256 1137 1304 te,

175 1305 287 1349 Cum
316 1305 461 1348 valeas
489 1305 596 1348 alios
625 1307 847 1362 acquirere
877 1316 1050 1362 semper
1078 1306 1253 1360 amicos,

171 1362 310 1405 Mater
338 1362 384 1403 in
413 1361 493 1404 hac
521 1363 611 1405 vita
639 1377 723 1404 non
754 1361 852 1418 plus
882 1362 960 1405 tibi
989 1363 1154 1404 venerit
1182 1361 1291 1404 ulla!

173 1418 289 1472 Quin
318 1417 437 1460 aliud
466 1418 607 1460 dicam
636 1419 714 1461 tibi
743 1434 822 1461 rex
852 1433 932 1474 ego
963 1417 1237 1473 consiliatrix,

171 1474 267 1517 Lex
294 1480 389 1529 tua3
420 1490 473 1517 ne
498 1489 652 1517 renuas
681 1481 780 1531 post
809 1474 968 1517 dictum
1000 1489 1349 1516 commemorare.

64 1541 138 1575 185
174 1530 285 1574 Cum
314 1531 436 1573 Deus
467 1532 737 1586 omnipotens
768 1530 847 1573 tibi
877 1537 1014 1573 totum
1044 1531 1218 1586 fregerit
1248 1531 1409 1587 orbem,

169 1586 228 1629 Et
257 1588 359 1643 iuga
388 1588 604 1644 praecepti
635 1602 722 1630 non
751 1587 880 1629 audet
909 1593 1096 1629 temnere
1128 1588 1368 1644 quisquam,

167 1643 440 1700 Pacatusque
471 1643 567 1686 silet
595 1644 761 1686 firmato
791 1642 962 1686 foedere
990 1643 1191 1698 mundus,

170 1699 370 1756 Cumque
401 1715 478 1756 per
507 1700 734 1756 imperium
764 1705 838 1741 tua
867 1699 983 1741 iussa
1011 1699 1186 1742 volatile
1216 1699 1396 1743 verbum

169 1753 348 1808 Edocet,
380 1757 553 1811 augusti
583 1755 636 1798 de
667 1755 781 1798 claro
811 1756 983 1797 nomine
1013 1756 1241 1812 scriptum:

61 1821 138 1856 190
171 1811 294 1853 Tune
322 1811 391 1854 fac
422 1812 608 1854 edictum
674 1827 720 1855 er
748 1818 904 1854 terram
935 1811 1283 1867 Teutonicorum,

169 1866 361 1920 Quilibet
388 1875 436 1911 ut
465 1868 585 1911 dives
617 1869 652 1910 si
684 1869 698 1909 i
727 1875 850 1910 natos
880 1869 1062 1910 instruat
1091 1883 1239 1910 omnes

167 1923 399 1978 Litterulis,
430 1924 569 1980 legem
603 1940 655 1967 ue
685 1939 807 1967 suam
838 1925 1095 1981 persuadeat
1123 1923 1217 1979 illis,

166 1979 238 2034 Ut,
269 1995 367 2022 cum
396 1981 535 2036 princi
569 1982 582 2022 i
615 1996 665 2022 us
694 1979 925 2037 placitandi
954 1981 1146 2023 venerit⁰
1176 1995 1292 2035 usus,

168 2035 361 2092 Quisque
391 2037 479 2078 suis
508 2036 536 2078 li
571 2037 629 2078 ris
663 2036 910 2093 exemplum
940 2037 1128 2093 proferat
1157 2036 1252 2081 illis.

59 2101 134 2136 195
166 2092 361 2135 Moribus
389 2092 455 2134 his
485 2092 646 2134 dudum
675 2093 851 2136 vivebat
878 2093 1017 2135 Roma
1046 2093 1257 2147 decenter,

168 2148 248 2190 His
278 2148 429 2192 studiis
460 2155 599 2192 tantos
634 2150 775 2205 potuit
801 2149 962 2191 vincire
992 2155 1214 2205 tyrannos,

166 2203 292 2246 Hocd
322 2211 506 2247 servant-
523 2204 621 2247 Itali
650 2211 749 2261 post
777 2205 916 2261 prima
946 2206 1182 2262 crepundia
1212 2206 1369 2260 cuncti,

166 2259 224 2302 Et
254 2260 407 2302 sudare
438 2261 590 2303 scolis⁰
620 2261 849 2304 mandatur
877 2267 967 2303 tota
996 2261 1215 2304 iuventus:

169 2315 280 2359 Solis
310 2317 556 2359 Teutonicis
585 2331 770 2359 vacuum
801 2316 869 2360 vel
898 2323 1022 2374 turpe
1053 2318 1233 2372 videtur,

55 2380 136 2416 200
168 2371 229 2414 Ut
257 2371 436 2415 doceant
464 2373 663 2430 aliquem,
693 2375 776 2416 nisi
806 2373 984 2416 clericus
1013 2374 1262 2430 accipiatur.

169 2426 268 2482 Sed,
299 2443 376 2471 rex
407 2429 544 2484 docte,
574 2430 675 2473 iube
706 2437 882 2472 cunctos
912 2445 989 2486 per
1017 2445 1150 2486 regna
1180 2430 1337 2485 doceri,

166 2483 226 2526 Ut
253 2490 395 2526 tecum
425 2493 574 2543 regnet
603 2486 813 2543 sapientia
842 2485 1035 2542 partibus
1065 2487 1171 2528 istis.

221 2540 447 2584 Praeterea
476 2542 567 2596 tibi,
596 2557 687 2597 rex,
718 2541 894 2584 mandat
920 2541 1186 2599 Burgundia,
1217 2557 1345 2598 surge

165 2594 309 2652 Atque
340 2598 450 2651 veni,
485 2613 691 2655 propera3
722 2599 888 2642 noviter
917 2598 1109 2641 subiecta
1138 2598 1340 2641 vacillant

54 2660 132 2696 205
165 2652 399 2707 Interdum,
430 2653 602 2696 domino
632 2669 710 2711 per
737 2661 934 2711 tempora
962 2654 1096 2697 multa
1123 2661 1298 2698 remoto.

167 2707 379 2752 Funditus
410 2716 473 2752 est
501 2725 649 2754 verum
679 2718 880 2754 veterano
911 2717 1106 2767 tempore
1137 2711 1320 2754 dictum:

1521 241 1565 273 61

151 2815 182 2851 a)
205 2818 246 2844 sit
256 2818 317 2850 ed.,·
339 2819 484 2844 emendav.
507 2819 690 2846 Giesebreche.
770 2818 802 2854 b)
825 2820 883 2846 rite
905 2821 965 2853 ed.;
987 2820 1130 2846 emendem.
1150 2819 1224 2846 Volz.
1295 2819 1322 2854 c)
1343 2822 1470 2846 venerat
1490 2820 1553 2852 ιώ,-

52 2856 174 2884 venerit
188 2858 344 2890 proposuit
366 2858 424 2884 iam
446 2859 588 2884 Canisiue.
671 2857 702 2892 d)
724 2859 779 2886 hos
802 2860 859 2893 ed.;
881 2860 1024 2887 emendav.
1048 2859 1234 2886 Gieeebrecm.
1318 2858 1347 2893 e)
1375 2859 1487 2885 scholis
1508 2859 1549 2886 ed.

1574 1216 1625 1253 Ῥ.
1648 1219 1717 1247 251.
