1864 3250
423 254 634 289 WIPONIS
662 254 818 289 GESTA
846 254 1135 289 OHUONRADI
1161 254 1262 288 IMP.
1549 257 1592 289 19

93 369 398 423 Alamanniae,
442 375 578 411 mater
615 368 706 410 eius
735 366 952 422 Kerbirga
990 365 1078 408 filia
1107 365 1356 408 Ohuonradi
1392 367 1508 423 regis
1539 366 1591 410 de
1608 385 1696 412 1024.

93 425 348 483 Burgundia
375 424 477 478 fuit,
520 424 641 466 cuius
670 429 869 480 parentes
900 424 953 464 de
984 421 1128 464 Caroli
1156 422 1306 478 Magni
1335 422 1467 479 stirpe
1496 437 1593 480 pro-

94 488 323 526 cesserant.
380 480 509 523 Unde
540 479 715 537 quidam
745 479 798 522 de
827 479 1012 520 nostris¹
1044 479 1089 519 in
1116 477 1257 521 libello
1289 493 1417 535 quem
1447 479 1595 521 Tetra-

92 537 242 595 logum
261 537 511 591 nominavit,
542 543 584 578 et
603 542 756 593 postea
774 535 867 592 regi
886 534 1095 577 Heinrico
1115 535 1256 589 tertio,
1286 549 1386 577 cum
1405 534 1594 578 natalem

92 594 273 638 Domini
300 594 347 635 in
374 592 614 650 Argentina
644 592 818 634 civitate
849 589 1103 645 celebraret,
1142 592 1452 647 praesentavit,
1482 592 1594 634 inter

93 649 213 706 alios,
244 649 352 692 duos
380 664 530 692 versus
562 647 695 691 edidit
724 647 805 689 hoc
834 647 982 688 modo:

254 705 438 759 Quando
501 711 567 747 ost
596 703 806 747 decimam
837 709 1086 745 numeratur
1113 702 1226 745 linea
1257 709 1408 760 quarta
1419 711 1448 758 ²,

253 761 324 804 De
355 761 467 804 Caro
486 776 510 803 ο
539 761 699 817 Magno
729 759 924 817 procedit
955 758 1103 801 Gisela
1131 759 1334 816 prudens.

95 817 207 862 cum
265 823 408 861 tantae
465 815 698 860 nobilitatis
759 822 871 858 esset
925 821 967 857 et
1018 815 1181 857 formae
1244 815 1592 869 decentissimae,

94 875 299 916 minimae
344 872 643 916 extollentiaea
697 871 800 926 fuit3
849 872 894 913 in
937 871 1023 914 Dei
1067 872 1241 914 servitio
1286 872 1503 926 timorata,
1547 872 1593 912 in

96 929 362 973 orationibus
393 937 435 973 et
465 929 707 972 elemosinis
731 927 905 970 assidua
934 934 976 970 et
1005 927 1100 982 hoc,
1130 934 1177 970 ut
1207 928 1411 970 secretius
1440 928 1593 983 potuit,

93 985 317 1029 attendens
346 985 453 1028 illud
482 984 792 1041 euangelicum,
822 999 875 1026 ne
902 984 1108 1026 iustitiam
1128 998 1250 1026 suam
1270 985 1430 1026 faceret
1449 998 1595 1026 coram

91 1041 338 1085 hominibus
351 1049 382 1083 ³.
439 1041 547 1084 Erat
587 1041 701 1083 enim
740 1039 928 1083 liberalis
958 1040 1132 1096 ingenii,
1163 1039 1336 1082 illustris
1368 1039 1592 1094 sollertiae,

93 1098 222 1141 avida
264 1097 428 1154 gloriae
470 1111 559 1139 non
586 1096 749 1150 laudis,
792 1095 970 1153 pudoris
1007 1111 1180 1150 amans,
1224 1095 1398 1137 feminei
1431 1095 1592 1138 laboris

91 1155 282 1211 patiens,
326 1155 372 1196 in
415 1168 586 1195 cassum
628 1153 804 1195 minime
843 1152 1040 1209 profusa,
1084 1153 1130 1193 in
1165 1151 1295 1194 rebus
1329 1151 1519 1194 honestis
1552 1158 1595 1194 et

91 1209 268 1253 utilibus
287 1209 458 1252 abunde
478 1209 542 1251 lar
573 1224 611 1263 a,
641 1208 761 1251 dives
783 1210 830 1251 in
849 1208 1049 1265 praediiS,
1071 1222 1261 1250 summos
1281 1207 1464 1250 honores
1483 1207 1595 1250 bene

91 1272 277 1310 tractare
306 1267 456 1323 perita.
560 1279 636 1307 aec
677 1265 962 1322 quorumdam
999 1264 1220 1307 hominum
1256 1263 1438 1318 invidia,
1483 1278 1594 1320 quae

92 1336 220 1379 saepe
249 1322 304 1365 ab
333 1322 605 1365 inferioribus
635 1321 819 1376 fumigat
842 1321 898 1364 ad
919 1322 1181 1376 superiores,
1212 1335 1290 1377 per
1310 1319 1473 1377 aliquot
1502 1319 1594 1362 dies

93 1392 120 1420 a
149 1379 469 1422 consecratione
498 1393 576 1420 sua
594 1379 651 1419 im
688 1377 922 1420 odiebatur.
973 1376 1215 1431 Caeterum,
1238 1377 1275 1419 si
1304 1375 1425 1418 ullud
1446 1375 1595 1418 odium

91 1435 202 1477 iuste
241 1449 297 1477 an
346 1435 501 1477 iniuste
541 1440 662 1491 pertu
680 1434 777 1487 erit,
827 1433 969 1475 adhuc
1007 1433 1053 1474 in
1094 1433 1343 1490 quaestione
1382 1439 1593 1486 moratur3

91 1496 236 1534 tamen
273 1490 409 1533 virilis
446 1490 638 1547 probitas
676 1490 722 1531 in
750 1489 908 1532 femina
935 1489 1062 1544 vicit,
1109 1495 1151 1532 et
1194 1504 1249 1532 ex
1294 1503 1507 1531 consensu
1550 1495 1592 1531 et

90 1547 295 1604 petitione
323 1548 570 1604 principum
601 1551 871 1599 consecrata,
910 1546 1152 1587 necessaria
1182 1559 1323 1587 comes
1351 1559 1499 1600 regem
1529 1559 1590 1587 se·
1604 1556 1688 1591 Sept.
1703 1558 1749 1586 21.

93 1601 318 1668 quebatur.
375 1602 498 1645 Haec
529 1602 582 1644 de
602 1602 750 1658 regina
770 1602 939 1644 interim
959 1600 1166 1656 breviavi,
1187 1602 1442 1644 intermissis
1470 1616 1591 1658 rega-

90 1657 203 1702 hbus
232 1660 385 1716 gestis3
414 1673 530 1701 nunc
559 1659 613 1700 ad
643 1657 792 1700 eadem
822 1664 1025 1700 revertar.

278 1763 318 1805 5.
376 1762 451 1804 De
481 1763 675 1819 primis
704 1763 874 1818 gestis
906 1753 1218 1805 Chuonradi
1247 1762 1402 1818 regis.

202 1829 274 1873 Ad
302 1836 426 1887 gesta
453 1830 589 1873 incliti
618 1831 759 1887 regisb
782 1829 1033 1873 Chuonradi
1051 1828 1147 1872 stilo
1169 1828 1432 1887 provolutoc,
1463 1845 1591 1886 quae-

91 1887 191 1930 dam
234 1893 334 1930 sunt
376 1886 580 1941 dicenda,
628 1901 739 1944 quae
782 1888 827 1928 in
869 1887 966 1943 ipsa
1008 1886 1078 1928 die
1123 1886 1455 1928 consecrationis
1488 1900 1590 1929 suae

89 1942 271 1997 fecerat3
302 1958 412 2000 quae
441 1942 541 1986 licet
568 1957 703 2000 parva
733 1942 974 1996 videantur,
1004 1943 1208 1998 mysterio
1238 1948 1382 1984 tamen
1403 1942 1590 1999 quodam

90 1998 320 2056 magnifice
358 1998 530 2056 pollent.
595 1999 683 2042 Sed
723 2000 927 2056 quoniam
954 1998 1134 2041 historia
1162 1997 1338 2055 publica
1375 1997 1589 2052 scribitur,

93 2069 204 2112 quae
232 2055 424 2097 animum
454 2054 625 2097 lectoris
655 2055 710 2097 ad
738 2055 973 2097 novitatem
1007 2069 1151 2097 rerum
1181 2069 1311 2111 quam
1340 2054 1396 2096 ad
1426 2054 1589 2109 figuras

89 2111 322 2154 verborum
350 2112 620 2154 attentiorem
649 2111 774 2165 facit,
804 2112 943 2167 magis
969 2111 1138 2153 videtur
1168 2125 1417 2167 congruere,
1447 2112 1589 2166 ipsam

90 2181 183 2209 rem
218 2167 429 2223 integram
465 2169 686 2224 persequi,
732 2182 861 2223 quam
905 2167 1100 2223 mysticis
1142 2165 1382 2209 rationibus
1426 2165 1590 2223 aliquid

91 2223 335 2280 promiscue
365 2223 654 2266 commentari.
713 2223 765 2265 In
794 2224 889 2279 ipsa
917 2223 1191 2279 processione
1221 2224 1334 2278 regis
1357 2228 1443 2265 tres
1462 2237 1589 2266 vene-

91 2285 192 2321 runt
218 2285 316 2322 ante
344 2278 465 2321 illum
496 2292 592 2321 cum
614 2278 794 2335 singulis
814 2279 1106 2336 querimoniis.
1156 2278 1280 2320 Unus
1301 2286 1392 2322 erat
1412 2277 1588 2321 colonus

92 2334 296 2378 ecclesiae
314 2335 667 2392 Moguntinensis,
697 2334 802 2378 alter
820 2334 1007 2391 pupillus
1027 2334 1119 2389 fuit,
1149 2340 1192 2376 et
1212 2335 1423 2391 quaedam
1443 2334 1588 2377 vidua.

92 2390 211 2433 Dum
239 2406 318 2434 rex
347 2406 495 2434 eorum
525 2405 675 2434 causas
710 2390 858 2433 audire
889 2392 1118 2447 coepisset,
1160 2390 1360 2447 *quidam
1391 2391 1444 2433 de
1472 2391 1651 2448 prin-⁸12.
1673 2404 1743 2434 262.

92 2445 262 2504 cipibus
291 2448 378 2490 suis
407 2448 657 2491 avertebant
676 2462 775 2490 eum
801 2447 1006 2501 dicentes,
1035 2462 1090 2489 ne
1120 2447 1454 2490 consecrationis
1484 2462 1587 2490 suae

211 2541 242 2576 a)
264 2543 467 2570 excellentiae
489 2546 515 2571 1.
595 2542 627 2578 b)
650 2544 724 2570 deest
746 2545 773 2571 1.
856 2542 884 2578 c)
907 2544 1047 2570 revoluto
1069 2544 1099 2574 2.

218 2605 256 2649 1)
303 2606 398 2650 Wipo
430 2607 516 2650 ipse.
542 2607 584 2641 P.
686 2607 724 2651 2)
751 2606 860 2651 Infra
893 2619 927 2641 v.
962 2607 1043 2640 159.
1082 2607 1164 2640 160.
1193 2625 1238 2632 —-
1271 2606 1394 2641 G‘isela
1408 2607 1489 2650 fuit
1504 2606 1590 2651 filia

91 2654 308 2689 Herima‘nm'
333 2654 434 2688 ducis
465 2661 497 2689 et
523 2655 737 2700 Kerbirqae,
763 2655 867 2700 filiae
895 2655 1103 2689 chuonradi
1127 2655 1221 2700 regis
1246 2656 1495 2700 Buryundiae,
1513 2656 1588 2700 filii

91 2703 237 2748 Boduffi
262 2703 318 2746 ΙΙ,
334 2703 408 2748 filii
420 2703 564 2747 Rodulfi
589 2704 620 2746 I,
637 2703 710 2748 filii
725 2704 943 2746 chuonradi,
960 2704 1033 2748 filii
1047 2703 1257 2738 chuonradi
1264 2703 1399 2747 fratris
1417 2704 1587 2738 Iudithae

90 2751 335 2796 imperatricis»,
363 2753 486 2786 uxoris
503 2752 707 2795 Hludovici,
724 2752 798 2798 filii
823 2752 953 2787 Karoli
977 2753 1123 2798 Magni:
1151 2754 1322 2797 quomodo
1349 2759 1466 2787 autem
1492 2754 1587 2787 linea

91 2801 228 2836 decima
253 2807 384 2845 quarta
407 2801 592 2836 numerari
603 2802 728 2845 possit,
745 2802 844 2836 haud
861 2801 980 2846 liquet.
1005 2802 1046 2837 P.
1134 2802 1174 2846 3)
1201 2802 1330 2837 Mueck.
1349 2803 1382 2845 6,
1405 2804 1445 2836 1:
1473 2806 1588 2836 atten-

94 2851 179 2893 dite,
205 2861 251 2884 ne
276 2852 448 2884 iustitiam
474 2854 629 2884 vestram
656 2851 797 2886 faciatis
825 2862 943 2886 coram
969 2852 1185 2887 homiuibus.

1276 2909 1336 2950 2*
