1864 3250
206 439 279 466 Iun.

123 881 205 916 Aug.
229 884 275 910 17.

186 1279 279 1305 Febr.

146 2057 227 2092 Aug.
259 2061 283 2086 1.

291 262 337 295 70
603 260 823 294 ANNALES
852 257 1224 293 SANGALLENSES
1252 257 1481 292 MAIORES.

294 373 610 425 Herimannus,
640 370 771 412 frater
799 370 910 423 eius,
948 375 1081 411 matre
1112 383 1190 411 sua
1217 370 1487 425 imperatrice
1517 369 1561 411 id
1590 369 1789 427 precibus

298 428 529 481 obtinente,
563 426 746 470 eundem
777 425 979 467 ducatum
1007 426 1254 481 promeruit.
1304 426 1542 482 Imperator
1569 439 1671 469 vero
1700 425 1790 469 Un-

327 487 462 526 ariam
490 483 648 525 invasit
677 496 858 538 eamque
887 482 1033 523 citima
1063 496 1117 523 ex
1145 488 1266 579 garte
1296 483 1409 524 circa
1428 482 1581 524 Fisca¹
1611 481 1792 525 fluvium

294 500 549 583 devastavit.
607 538 784 580 Interim
823 537 981 580 Ernest
1029 551 1143 594 quon
1175 553 1243 579 am
1291 537 1380 579 dux
1424 538 1593 580 cuidam
1637 543 1791 592 castro,

300 596 418 654 quod
446 594 775 638 Falchenstein²
805 593 973 647 dicitur,
1004 608 1100 634 cum
1131 594 1347 650 praedicto
1377 594 1630 637 Werinhero
1659 593 1793 637 milite

299 667 376 695 suo
421 651 600 703 insedit,
636 649 816 706 locaque
856 650 998 691 vicina
1037 663 1134 690 cum
1173 650 1323 692 incolis
1351 665 1437 692 non
1465 651 1643 693 minima
1671 649 1794 693 clade

297 708 462 751 afflixit.
514 706 600 749 Sed
637 721 780 748 comes
811 705 986 762 quidam
1015 705 1234 762 Manegolt
1263 706 1401 749 dietus
1430 706 1512 749 hoc
1541 706 1632 749 viee
1661 707 1794 763 impe-

297 764 450 807 ratoris
495 762 655 816 dolens,
696 776 792 804 cum
830 776 880 804 eo
920 761 1127 817 praelium
1159 763 1383 817 commisit,
1422 764 1467 804 in
1498 777 1582 819 quo
1615 768 1796 820 uterque

296 820 467 862 illorum
498 819 654 861 cecidit
683 817 875 872 alterum,
906 817 1062 874 aliique
1095 832 1221 874 quam
1252 818 1425 875 plurimi
1454 819 1669 876 utrimque
1698 825 1796 862 sunt

296 875 511 919 interfecti
540 877 585 917 in
616 881 769 916 octava
799 875 934 916 sancti
963 874 1197 916 Laurentii.

417 988 538 1030 1032.
574 986 694 1042 Rege
715 986 927 1028 Ruodolfo
950 985 1148 1028 defuncto
1162 993 1190 1040 ³,
1222 986 1348 1038 Uoto,
1369 985 1481 1029 filius
1502 988 1659 1030 sororis
1679 1003 1795 1046 suae,

299 1059 478 1099 regnum
501 1042 858 1098 Burgundionum
879 1050 1093 1099 tamquam
1116 1041 1421 1084 haereditatem
1435 1049 1606 1099 patrum
1622 1059 1796 1088 suorum

296 1100 443 1142 valida
484 1114 613 1140 manu
653 1098 872 1140 affectavit
910 1105 951 1141 et
991 1098 1133 1155 aliqua
1169 1099 1406 1155 municipia
1435 1113 1485 1140 ca
1516 1106 1560 1142 ta
1590 1101 1795 1145 custodiis

297 1156 385 1198 suis
430 1156 634 1209 munivit,
670 1156 928 1211 imperatore
969 1169 1046 1211 per
1085 1154 1199 1197 idem
1230 1161 1397 1211 tempus
1426 1156 1492 1198 Pu
1509 1157 1600 1198 anis
1632 1157 1797 1202 sclavis

293 1211 405 1255 bello
434 1212 666 1253 insistente.

411 1268 534 1310 1033.
575 1267 695 1309 Idem
725 1267 959 1323 imperator
988 1281 1133 1308 secum
1155 1281 1203 1308 co
1237 1268 1321 1308 iam
1342 1266 1524 1310 militum
1543 1268 1631 1312 fere
1651 1269 1797 1312 media

295 1324 449 1379 hyeme
479 1325 524 1364 in
543 1322 841 1379 Burgundiam
871 1322 1065 1377 adduxit,
1096 1330 1209 1365 caste
1227 1322 1267 1365 la
1287 1323 1529 1366 Murtenam
1560 1331 1602 1368 et
1619 1325 1791 1369 Nuven-

296 1379 434 1422 burch
480 1379 667 1434 obsedit,
713 1378 790 1421 sed
831 1379 965 1421 nimia
1007 1380 1050 1422 vi
1093 1378 1249 1435 algoris
1291 1380 1589 1437 praepeditus,
1632 1381 1790 1425 infecto

291 1436 464 1492 negotio
494 1435 632 1478 rediit.
690 1435 860 1477 Deinde
890 1450 991 1478 vero
1023 1436 1222 1493 proxima
1258 1442 1390 1479 estate
1430 1436 1590 1480 Uotoni
1631 1437 1792 1481 bellum

294 1491 448 1546 intulit,
481 1492 609 1534 urbes
639 1492 730 1534 eius
760 1493 912 1548 rapina
942 1497 984 1533 et
1007 1491 1205 1534 incendio
1225 1491 1416 1535 funditus
1437 1494 1602 1548 evertit,
1631 1495 1791 1551 ipsum-

297 1562 379 1605 que
410 1547 491 1590 hac
520 1548 773 1590 necessitate
802 1547 857 1589 ad
888 1563 931 1589 se
963 1547 1199 1604 supplicem
1229 1549 1375 1590 venire
1406 1550 1558 1606 coegit,
1589 1549 1794 1608 deinceps

297 1603 640 1647 emendationem
672 1605 866 1660 quamvis
895 1604 993 1646 ficte
1022 1604 1351 1660 promittentem.

412 1660 533 1702 1034.
573 1661 863 1703 Warmannus
903 1660 1128 1716 episcopus
1166 1666 1207 1702 et
1242 1660 1498 1704 venerabilis
1538 1661 1650 1705 abba
1679 1661 1793 1706 'Piet-

295 1715 451 1773 paldus
482 1715 692 1759 obierunt.
739 1716 906 1769 Quibus
938 1723 1230 1759 successerunt
1260 1716 1535 1759 Eberhardus
1565 1733 1587 1760 e
1619 1718 1792 1776 iscopus

298 1778 340 1815 et
370 1771 484 1815 abba
514 1772 783 1830 Nortpertus.
842 1772 1125 1815 Chuonradus
1154 1773 1386 1829 imperator
1414 1774 1566 1816 iterum
1634 1788 1792 1840 urgun-

297 1828 412 1870 diam
443 1843 541 1870 cum
572 1829 765 1871 exercitu
794 1829 979 1882 intravit,
1011 1835 1051 1870 et
1081 1829 1224 1871 omnia
1254 1829 1490 1886 municipia
1510 1845 1607 1872 cum
1627 1829 1795 1874 cimbus

297 1899 432 1941 usque
462 1885 519 1926 ad
547 1885 775 1927 Rodanum
803 1884 963 1926 flumen
991 1899 1092 1927 suae
1122 1884 1271 1926 ditioni
1296 1885 1466 1941 subegit
1487 1885 1796 1945 Genevamque

296 1942 503 1997 pervenit.
566 1941 635 1984 Ibi
664 1955 767 1983 vero
798 1941 852 1983 ab
878 1940 1105 1983 Heriberto
1135 1940 1443 1983 Mediolanensi
1472 1941 1614 1984 archie
1648 1943 1797 2000 iscopo

298 1998 537 2054 ceterisque
565 1996 716 2039 Italiae
755 2002 796 2039 et
833 1996 1109 2052 Burgundiae
1146 1997 1414 2054 principibus
1444 1998 1592 2040 honor'
1627 2013 1676 2041 ce
1706 2013 1796 2042 sus-

300 2058 464 2109 ceptus,
494 2054 538 2094 in
566 2053 793 2095 festivitate
830 2053 977 2096 Sancti
1006 2053 1121 2095 Petri
1151 2053 1205 2095 ad
1232 2053 1415 2096 Vincula
1444 2059 1669 2097 coronatus
1697 2068 1797 2112 pro-

297 2109 483 2162 ducitur,
515 2115 556 2151 et
585 2110 630 2150 in
659 2124 839 2165 regnum
868 2109 1223 2165 Burgundionum
1254 2125 1331 2152 rex
1361 2109 1542 2166 eligitur.

414 2166 535 2207 1035.
581 2165 753 2207 Foedus
789 2164 956 2207 validae
1002 2166 1303 2208 coniurationis
1347 2167 1391 2208 in
1430 2165 1555 2208 Italia
1590 2166 1794 2209 exoritur.

294 2220 523 2263 Inferiores
567 2236 752 2278 namque
796 2220 964 2276 milites,
1008 2223 1275 2278 superiorum
1311 2223 1458 2288 iniqua
1506 2221 1797 2265 dominatione

295 2276 393 2332 plus
435 2277 558 2319 solito
597 2278 815 2334 oppressi,
855 2277 979 2319 simul
1020 2292 1164 2320 omnes
1204 2277 1285 2319 illis
1321 2285 1523 2321 reS1stunt
1552 2275 1794 2323 coadunati.

296 2333 476 2375 Necnon
513 2334 642 2375 etiam
673 2333 848 2391 quidam
880 2349 934 2375 ex
964 2333 1108 2375 servili
1138 2334 1383 2376 conditione
1421 2340 1570 2376 contra
1598 2335 1797 2378 dominos

296 2403 396 2431 suos
454 2395 654 2446 proterva
711 2390 894 2432 factione
947 2390 1199 2446 conspirati,
1257 2390 1339 2446 ipsi
1389 2389 1560 2432 sibimet
1615 2390 1795 2446 iudices,

275 2446 389 2487 .iura
418 2459 468 2487 ac
498 2445 641 2502 leges*
674 2447 977 2500 constituunta,
1008 2446 1071 2489 fas
1100 2446 1304 2502 nefasque
1334 2446 1615 2501 confundunt3
1647 2453 1795 2489 contra

297 2516 405 2557 quos
451 2501 662 2544 sedandos
708 2503 936 2559 episcopus
975 2501 1332 2545 Mediolanensisb
1372 2501 1528 2559 aliique
1578 2509 1795 2546 senatores

295 2557 445 2600 Italiae
466 2559 748 2614 insurgentes,
780 2560 921 2601 conati
941 2564 1040 2600 sunt
1060 2572 1131 2600 eos
1152 2572 1177 2599 a
1196 2564 1314 2600 tanta
1333 2558 1558 2602 insolentia
1576 2573 1795 2615 revocare,

397 2671 426 2706 a)
450 2674 654 2699 constitutum
674 2674 717 2699 ed.
808 2671 840 2707 b)
863 2672 1098 2699 Midiolanensis
1120 2671 1161 2698 ed.

398 2759 435 2801 1)
477 2759 628 2800 Fsscha,
655 2760 794 2803 fluvius
826 2760 864 2792 in
897 2758 1046 2793 Austria
1087 2758 1262 2802 inferiori,
1305 2759 1365 2803 qui
1404 2771 1515 2804 prope
1555 2759 1798 2794 Fischameml

296 2809 411 2843 vicum
435 2808 474 2842 in
498 2807 707 2842 Danubium
732 2820 768 2843 se
794 2809 953 2852 effundit.
1031 2807 1069 2852 2)
1096 2808 1323 2842 Falkenstein
1348 2808 1387 2842 in
1414 2807 1515 2843 Silva
1541 2807 1659 2853 Nigra
1681 2819 1799 2852 prope

297 2857 467 2901 oppidum
495 2855 738 2901 Schramberq.
840 2856 880 2900 3)
910 2857 980 2892 Die
1008 2857 1040 2891 6.
1068 2869 1112 2892 m.
1139 2856 1363 2900 Septembris.
