1864 3250
401 278 612 313 WIPONIS
641 277 796 312 GESTA
825 277 1116 311 CHUONRADI
1141 276 1243 310 IMP.
1526 279 1570 310 21

358 391 397 433 6.
455 390 535 433 De
570 390 775 432 itinere
809 389 956 446 regis
990 403 1086 445 per
1120 403 1302 445 regna.

189 459 348 502 Omnia
374 473 420 501 re
452 459 489 500 is
518 458 683 511 itinera,
723 464 765 500 et
793 457 839 499 in
869 456 1024 515 quibus
1054 456 1160 499 locis
1191 472 1379 499 summas
1409 456 1677 501 festivi-1024.

74 522 184 560 tates
220 514 375 558 natalis
409 474 587 557 {omini
626 520 669 557 et
706 513 890 570 paschae
928 513 1150 555 annuatim
1187 512 1439 567 celebraret,
1484 527 1573 555 non

74 572 202 615 nimis
229 571 522 614 necessarium
565 584 736 612 narrare
774 570 948 626 putavi,
993 575 1175 626 excepto
1207 571 1324 626 quod
1354 569 1399 611 id
1429 568 1572 612 dicen-

77 627 181 671 dum
213 634 289 681 est,
319 627 457 670 sicubi
478 627 629 680 fuerat,
660 627 695 668 si
717 625 822 683 quid
852 625 1019 682 insigne
1050 633 1092 668 et
1121 625 1284 668 clarum
1314 625 1531 668 acciderat
1543 634 1570 668 ¹.

77 683 126 728 Si
155 685 270 726 enim
300 683 443 726 omnia
475 683 701 726 observare
740 680 916 735 vellem,
953 688 1052 724 ante
1087 697 1155 724 me
1186 682 1432 725 desererent
1459 682 1573 724 vires

78 753 210 798 quam
251 739 450 782 materies
462 746 491 781 ².
565 737 636 780 Ad
677 744 799 794 gesta
841 737 953 779 illius
998 737 1235 780 clarissima
1285 738 1572 795 quantocius³

75 803 225 854 potero
254 796 439 850 veniam,
468 796 513 836 in
543 795 698 852 quibus
718 800 884 836 tantum
906 793 1068 850 gloriae
1097 795 1267 850 eminet,
1298 801 1345 836 ut
1365 794 1418 837 de
1439 795 1573 836 mino-

75 851 196 895 ribus
226 850 348 894 silere
378 851 541 893 nemini
571 851 646 893 fiat
672 851 903 906 ingratum.
963 849 1153 893 Collecto
1183 850 1319 906 regali
1354 851 1572 905 comitatu,

75 924 154 952 rex
186 907 470 951 chuonradus
506 909 693 972 primum
730 922 806 963 per
841 907 1061 962 regionem
1090 906 1395 950 Ribuariorum
1435 921 1572 963 usque

76 964 133 1007 ad
174 963 319 1006 locum
364 964 438 1020 qui
482 963 638 1005 dmitur
676 962 940 1020 Aquisgrani
981 963 1189 1020 palatium
1232 963 1447 1020 pervenit,
1496 962 1671 1005 ubiSept·
1695 967 1742 996 2³·

75 1020 273 1079 publicus
317 1019 493 1062 thronus
537 1018 692 1074 regalis
736 1020 790 1062 ab
828 1020 1013 1076 antiquis
1055 1018 1230 1076 regibus
1275 1027 1318 1062 et
1353 1035 1379 1062 a
1417 1018 1572 1062 Carolo

75 1077 306 1135 praecipue
348 1075 534 1129 locatus,
574 1076 704 1117 totius
748 1076 870 1131 regni
909 1075 1184 1117 archisolium
1219 1074 1413 1118 habetur.
1475 1077 1572 1129 Quo

77 1133 252 1187 sedens,
310 1130 666 1175 excellentissime
714 1146 805 1173 rem
858 1131 1079 1187 publicam
1133 1131 1366 1186 ordinavit,
1425 1132 1572 1188 ibique

77 1188 279 1256 publieob
310 1187 467 1245 placito
490 1194 532 1230 et
549 1188 739 1244 generali
762 1186 942 1229 concilio
964 1187 1124 1241 habito,
1155 1188 1302 1230 divina
1322 1194 1365 1230 et
1384 1187 1573 1229 humana

75 1260 170 1288 lura
213 1244 373 1287 utiliter
416 1242 712 1286 distribuebat.
770 1244 906 1285 Fama
949 1244 1040 1285 eius
1083 1244 1198 1286 vires
1242 1243 1295 1286 de
1339 1243 1572 1286 virtutibus

77 1301 283 1359 sumpsit5
313 1300 439 1343 hodie
461 1315 590 1357 quam
620 1298 712 1341 heri
742 1314 820 1356 pro
850 1307 996 1342 tenore
1057 1301 1145 1342 acis
1166 1300 1462 1356 praestantior,
1491 1315 1571 1356 pro

75 1356 397 1400 benevolentiae
426 1357 564 1412 gratia
592 1355 758 1410 karior,
802 1371 880 1412 pro
921 1315 1056 1412 regali
1091 1364 1298 1399 censura0
1327 1356 1574 1398 honoratior

75 1413 248 1457 habitus
285 1420 349 1456 est
386 1412 472 1455 abd
508 1411 721 1454 omnibus.
781 1413 1055 1469 Quamquam
1097 1413 1211 1454 enim
1249 1411 1411 1456 litteras
1451 1413 1465 1454 i
1499 1427 1573 1454 no-

74 1476 211 1524 raret,
254 1476 399 1512 tamen
435 1483 605 1511 omnem
645 1468 806 1510 clerum
843 1483 942 1510 cum
982 1468 1221 1511 amabiliter
1260 1474 1302 1510 et
1341 1468 1475 1511 libera
1492 1470 1573 1510 iter

107 1525 232 1580 alam,
261 1533 354 1570 tum
384 1525 653 1567 convenienti
682 1524 910 1581 disciplina
940 1530 1101 1567 secreto
1122 1525 1357 1581 prudenter
1375 1524 1569 1567 instituit.

121 1581 261 1625 ilitum
289 1596 393 1624 vero
422 1581 586 1623 animos
615 1581 660 1622 in
688 1580 769 1623 hoc
798 1580 980 1623 multum
1014 1581 1210 1634 attraxit,
1250 1581 1366 1646 quod
1395 1582 1572 1646 antiqua

74 1637 285 1682 beneficia
333 1643 559 1694 parentum
607 1637 768 1678 nemini
810 1644 1081 1702 posterorum
1125 1637 1284 1679 auferrl
1327 1638 1527 1679 sustinmt
1540 1643 1569 1678 3.

74 1695 302 1738 Praeterea
331 1696 375 1736 in
405 1693 591 1736 donariis
621 1693 929 1750 frequent1bUS,
966 1692 1123 1750 quibus
1152 1708 1225 1735 eos
1257 1693 1382 1736 fortia
1411 1692 1570 1735 audere

74 1751 229 1807 coegit,
271 1752 337 1793 sui
373 1749 555 1792 similem
584 1750 629 1791 in
658 1755 746 1792 toto
775 1749 937 1791 mundo
967 1763 1054 1791 non
1082 1764 1209 1806 posse
1238 1750 1418 1806 reperiri
1446 1749 1571 1791 aesti-

74 1813 310 1850 maverunt.
371 1806 670 1862 Suspiciosum
699 1811 765 1848 est
802 1805 937 1848 relatu
949 1812 967 1835 ⁴
976 1838 987 1859 ,
1033 1820 1163 1862 quam
1206 1805 1434 1847 munificus
1477 1805 1569 1859 fuit,

76 1878 206 1930 quam
235 1861 462 1916 iucundus,
493 1877 623 1919 quam
654 1863 889 1904 constantis
921 1862 1065 1915 animi,
1107 1869 1315 1919 quantum
1346 1862 1568 1918 imperter-

73 1920 157 1974 nti,
178 1919 303 1962 bonis
324 1917 521 1961 omnibus
542 1917 737 1972 blandus,
763 1917 885 1960 malis
906 1933 1080 1960 severus
1090 1925 1120 1972 ⁵,
1141 1919 1186 1960 in
1207 1919 1321 1960 cives
1341 1916 1570 1974 benignus,

73 1976 120 2019 in
147 1976 290 2018 hostes
319 1973 514 2028 acerbus,
544 1975 589 2016 in
618 1975 747 2017 rebus
777 1974 954 2030 agendis
985 1973 1161 2029 efficax3
1213 1989 1342 2031 quam
1379 1974 1569 2015 maximo

74 2033 172 2075 usui
199 2031 316 2075 soree
345 2045 477 2087 regno
498 2029 776 2086 infatigabilis
805 2037 907 2084 erat,
937 2031 981 2072 in
1001 2031 1122 2073 brevi
1143 2038 1306 2074 tantum
1326 2030 1571 2087 proficiens,

74 2094 124 2131 ut
151 2102 277 2131 nemo
307 2086 533 2140 dubitaret,
562 2093 660 2144 post
681 2085 823 2130 Caroli
838 2087 986 2143 Magni
1015 2092 1211 2144 tempora
1231 2086 1418 2152 aliquem
1437 2085 1571 2142 regali

74 2143 174 2188 sede
194 2144 432 2201 digniorem
451 2143 560 2185 nonf
584 2143 756 2185 vixisse.
815 2143 941 2185 Unde
972 2148 1091 2185 extat
1150 2142 1419 2186 roverb1um:
1451 2142 1572 2186 Sella

78 2200 338 2244 Ckuonradi
367 2200 493 2241 habet
523 2201 777 2242 ascensoria
801 2199 963 2242 Caroli.
1022 2199 1091 2241 De
1118 2158 1203 2242 iioc
1227 2198 1458 2255 proverbio
1482 2199 1572 2255 qui-

75 2256 175 2299 dam
205 2255 258 2299 de
287 2257 444 2298 nostris
474 2256 519 2296 in
548 2254 712 2309 libello,
753 2270 881 2311 quem
913 2253 1195 2298 Gallinariam
1224 2256 1409 2309 vocavit,
1441 2255 1572 2296 satira

76 2319 226 2370 quarta
254 2311 432 2370 protulit
460 2311 574 2354 hunc
604 2326 796 2354 versum:

71 2458 97 2495 f)
118 2419 224 2488 ama)
246 2421 423 2454 quantoties
445 2421 473 2449 1.
534 2419 566 2454 b)
589 2420 713 2454 publice
736 2421 764 2448 2.
828 2419 856 2454 c)
879 2420 1027 2446 comitatu
1049 2420 1076 2447 2.
1148 2418 1179 2454 d)
1203 2420 1277 2447 deese
1300 2421 1327 2447 2.
1397 2417 1426 2453 e)
1448 2418 1531 2446 foret
1543 2419 1571 2444 2.

182 2463 193 2487 t
214 2462 242 2487 1.

200 2534 239 2579 1)
266 2535 320 2580 ΟΥ.
347 2535 484 2578 Salpia.
511 2534 632 2570 Sever.
667 2535 749 2569 Vita
775 2535 814 2570 S.
840 2535 949 2569 Mart.
979 2536 1012 2576 1,
1031 2535 1072 2569 8:
1111 2535 1215 2579 plura
1251 2536 1451 2575 omisimus,
1487 2535 1573 2578 quia

75 2584 241 2620 sufficere
272 2585 501 2625 credidimus,
534 2586 566 2619 si
599 2589 737 2619 tantum
766 2584 982 2618 excellentia
1014 2588 1233 2618 notarentur.
1336 2585 1374 2628 2)
1402 2583 1455 2628 Of.
1484 2582 1575 2617 Sall.

74 2633 209 2686 Juy'c.
230 2635 298 2668 42:
325 2634 356 2668 si
381 2634 587 2676 singulatim
614 2638 676 2668 aut
701 2645 764 2678 pro
791 2634 1039 2676 magnitudine
1065 2645 1187 2677 parem
1216 2634 1405 2673 disserere,
1431 2637 1573 2676 tempus

75 2694 183 2728 quam
209 2694 267 2717 res
294 2683 465 2717 maturius
493 2693 548 2716 me
576 2682 728 2716 deseret.
831 2683 870 2726 3)
897 2683 994 2717 Mon.
1024 2682 1142 2716 Germ.
1168 2681 1254 2727 Leq.
1288 2682 1327 2716 T.
1354 2682 1409 2724 ΙΙ,
1431 2694 1471 2726 p.
1498 2678 1575 2715 38‘.

75 2737 108 2767 et
134 2733 194 2767 39.
222 2731 338 2767 edicta
363 2731 548 2774 habentur,
573 2730 665 2765 mitis
682 2731 890 2766 Ohuonradi
916 2731 1028 2765 animi
1053 2736 1166 2766 testes.
1193 2731 1236 2765 P.
1338 2730 1377 2775 4)
1407 2730 1460 2775 Cf.
1480 2729 1572 2764 Sall.

77 2779 154 2816 C'at.
180 2793 209 2816 c.
236 2782 276 2815 6:
302 2780 516 2815 incredibile
543 2785 739 2815 memoratu
765 2785 831 2821 est,
859 2786 1029 2825 quantum
1051 2805 1059 2814 .
1081 2805 1090 2814 .
1110 2806 1118 2814 .
1140 2805 1148 2814 .
1259 2781 1299 2823 5)
1328 2779 1383 2824 (θ’.
1411 2780 1573 2814 Ermozd.

77 2829 207 2875 Niqell.
243 2830 303 2865 El.
332 2829 385 2870 II,
407 2829 473 2862 62:
522 2834 597 2863 esto
632 2830 735 2863 bonis
769 2830 954 2874 placidus,
993 2830 1150 2863 fervidus
1186 2833 1262 2863 esto
1289 2830 1404 2864 malis.
1461 2828 1576 2863 Otloh.

75 2877 243 2914 Proverb.
263 2891 290 2914 c.
310 2879 344 2921 2,
371 2877 440 2912 Pez
458 2878 520 2912 col.
539 2878 631 2911 492:
659 2879 810 2913 blandus
837 2880 1031 2913 mansuetis
1058 2880 1107 2913 sis
1127 2880 1381 2923 districtusque
1399 2877 1573 2922 superbis.
