1864 3250
228 387 316 414 1024.

178 1333 261 1367 Sept.
284 1334 311 1361 8.

329 261 374 293 16
658 260 870 295 WIPONIS
899 260 1054 294 GESTA
1081 260 1368 295 CHUONRADI
1394 261 1492 294 IMP.

332 377 469 414 tutum
489 372 612 427 vigor
631 373 780 413 inerat.
841 370 951 413 Cum
982 371 1095 413 enim
1116 372 1323 426 scriptum
1343 372 1440 414 sit¹:
1471 371 1678 414 ‘Gloriam
1695 385 1819 438 prae-

333 427 448 470 cedit
481 426 732 479 humilitas',
774 427 926 468 merito
956 427 1189 481 praecessit
1217 426 1341 469 huius
1384 427 1559 469 mundi8¹
1627 427 1819 482 lorlosos,

331 484 402 525 cui
440 484 589 538 regina
624 483 829 524 virtutum
864 480 1136 524 adhaerebat.
1193 483 1330 537 Igitur
1364 497 1451 524 non
1479 489 1571 526 erat
1614 497 1662 525 as
1690 483 1819 526 alicui

330 540 376 579 in
404 545 517 580 terra
546 537 728 579 militare
737 537 770 590 1‘,
886 551 1013 593 quem
1042 536 1162 579 Deus
1194 540 1461 594 omnipotens
1490 539 1821 596 praedestinavit

330 594 529 636 omnibus
558 595 782 649 imperare.

675 696 714 738 3.
774 696 852 737 De
884 697 1291 739 consecratione
1321 697 1482 753 regis.

440 764 620 806 Peracta
649 764 869 818 electione,
898 779 1045 820 regem
1066 766 1189 821 sequi
1207 765 1487 820 Moguntiam,
1517 770 1564 807 ut
1591 765 1653 808 ibi
1681 780 1819 808 sacra-

328 820 540 862 tissimam
559 820 804 862 unctionem
825 820 1051 875 acciperet,
1082 835 1184 870 cum
1200 821 1390 862 maxima
1408 819 1653 863 alacritate⁰
1673 835 1820 864 omnes

359 874 633 932 roperabant.
689 876 816 918 Ibant
840 875 1088 931 gaudentes,
1119 876 1260 918 clerici
1289 874 1538 932 psallebant,
1567 875 1668 919 laici
1697 892 1819 920 cane-

327 891 445 984 bant,
475 932 645 988 utrique
676 945 752 973 suo
789 931 940 984 modo;
985 937 1124 973 tantas
1160 931 1306 974 laudes
1336 932 1481 974 Deum
1516 933 1734 989 accepisse
1759 934 1819 976 ab

328 988 571 1029 hominibus
601 1002 686 1029 una
717 987 786 1029 die
814 987 861 1028 in
888 987 1001 1028 unod
1031 987 1139 1041 loco,
1167 988 1358 1030 nondum
1379 987 1706 1044 comperiebam.

490 1042 537 1085 Si
569 1041 748 1085 Carolus
777 1043 962 1098 Magnus
994 1057 1093 1084 cum
1124 1049 1294 1099 sceptro
1322 1044 1448 1086 vivus
1477 1043 1657 1098 adesset,

326 1113 414 1140 non
441 1098 623 1141 alacrior
658 1097 843 1155 populus
877 1098 1046 1152 fuisset,
1089 1114 1171 1141 nec
1205 1098 1303 1155 plus
1342 1098 1529 1155 gaudere
1568 1099 1729 1142 valeret
1764 1099 1819 1142 de

327 1155 434 1197 tanti
462 1155 544 1197 viri
582 1154 734 1208 reditu,
776 1169 904 1211 quam
928 1154 980 1196 de
1011 1155 1135 1196 istius
1164 1170 1209 1196 re
1242 1156 1277 1197 is
1308 1156 1445 1211 primo
1475 1169 1664 1198 accessu.
1721 1156 1818 1198 Rex

326 1212 525 1267 pervenit
553 1210 842 1266 Moguntiam3
887 1209 949 1252 ibi
983 1210 1143 1252 honore
1173 1170 1317 1253 degbito
1347 1217 1567 1267 receptus,
1597 1225 1819 1254 consecra-

326 1266 486 1308 tionem
522 1280 642 1308 suam
671 1265 868 1308 omnibus
896 1265 1222 1309 desiderabilem
1257 1266 1438 1309 devotus
1465 1266 1818 1324 praestolabatur.

325 1322 397 1364 Ad
441 1336 568 1378 quem
607 1321 948 1365 benedicendum
986 1322 1032 1363 in
1070 1322 1137 1364 die
1175 1323 1407 1365 nativitatis
1446 1329 1620 1366 sanctae
1657 1323 1819 1366 Mariae

327 1393 426 1420 cum
456 1378 803 1434 archiepiscopus
833 1378 1172 1433 Moguntinensis
1212 1385 1253 1421 et
1289 1379 1427 1420 omnis
1457 1378 1594 1421 clerus
1623 1377 1820 1435 sollemp-

326 1434 435 1476 niter
475 1449 520 1476 se
556 1440 882 1490 praepararent,
927 1434 1037 1476 inter
1076 1448 1197 1475 sacra
1241 1433 1381 1476 officia
1417 1450 1463 1477 re
1495 1435 1561 1477 iae
1604 1435 1820 1478 unctionis

326 1489 675 1545 archiepiscopus
691 1490 771 1531 hoc
786 1489 842 1531 ad
856 1504 1003 1545 regem
1019 1504 1120 1531 usus
1138 1496 1202 1532 est
1216 1504 1430 1532 sermone:
1452 1495 1462 1516 ‘
1508 1492 1617 1532 mnis
1628 1496 1818 1547 potestas

325 1544 531 1587 fluitantis
564 1545 725 1587 saeculi
763 1545 816 1588 de
854 1560 941 1586 uno
976 1545 1091 1587 fonte
1126 1547 1382 1601 purissimoe
1413 1546 1642 1589 derivatur.
1701 1545 1821 1590 Solet

325 1607 469 1643 autem
498 1600 708 1654 accidere,
736 1607 796 1655 ut,
828 1615 923 1642 cum
939 1600 1084 1657 plures
1099 1600 1225 1643 rivuli
1245 1601 1298 1643 de
1319 1601 1470 1644 eodem
1489 1602 1700 1659 principio
1720 1617 1818 1659 pro-

327 1657 500 1710 cedant,
539 1656 620 1699 alio
660 1663 852 1713 tempore
883 1657 967 1699 sint
994 1656 1172 1710 turbidi,
1203 1656 1284 1699 alio
1314 1657 1470 1712 lucidi,
1498 1658 1614 1701 fonte
1645 1658 1818 1715 capitali

325 1714 371 1754 in
399 1713 584 1769 puritate
613 1727 690 1755 sua
709 1719 996 1768 permanente.
1046 1713 1213 1755 Eodem
1232 1713 1374 1768 modo,
1407 1720 1611 1771 quantum
1631 1714 1819 1756 humana

327 1769 514 1811 conditio
546 1775 782 1811 creatorem
822 1774 864 1811 et
893 1775 1128 1811 creaturam
1158 1769 1269 1811 inter
1298 1783 1342 1811 se
1372 1769 1562 1812 conferre
1590 1770 1732 1824 audet,
1762 1770 1818 1813 de

326 1824 423 1867 Deo
466 1839 568 1881 rege
607 1824 837 1867 immortali
876 1831 918 1867 et
951 1826 1128 1867 terrenis
1171 1826 1346 1881 regibus
1384 1827 1576 1868 conicere
1610 1825 1814 1869 valemus.

328 1880 547 1936 Scriptum
578 1886 642 1923 est
684 1881 820 1923 enim:
882 1880 1049 1923 ‘Omnis
1086 1887 1275 1936 potestas
1313 1881 1504 1923 aDeo'f·
1517 1889 1546 1923 ².
1603 1881 1646 1923 Is
1683 1883 1817 1924 omni-

325 1943 478 1993 potens
526 1951 604 1979 rex
646 1951 821 1993 regum,
869 1938 998 1979 totius
1050 1935 1221 1978 honoris
1266 1944 1415 1979 auctor
1457 1943 1500 1980 et
1541 1937 1817 1994 principium,

357 1992 499 2034 uando
529 1993 600 2033 ing
629 1993 845 2048 principes
874 1998 1012 2034 terrae
1042 1991 1221 2034 alicuius
1242 1992 1462 2048 dignitatis
1481 1994 1664 2050 gratiam
1683 1999 1817 2036 trans-

325 2007 484 2102 amdit,
530 2055 737 2105 quantum
777 2047 832 2090 ad
861 2054 1058 2090 naturam
1086 2048 1223 2105 princi
1255 2049 1286 2090 ii
1313 2063 1422 2105 pura
1451 2050 1543 2091 esth
1572 2055 1615 2092 et
1642 2050 1815 2092 munda.

327 2103 439 2146 Cum
467 2110 609 2146 autem
640 2104 882 2160 pervenerit
910 2103 966 2146 ad
994 2118 1088 2157 eos,
1120 2105 1193 2161 qui
1221 2063 1332 2146 hanc
1361 2104 1612 2160 dignitatem
1639 2105 1816 2162 indigne

324 2160 599 2202 tractaverint
627 2167 669 2202 et
698 2174 793 2202 eam
823 2173 919 2201 cum
940 2160 1155 2216 superbia,
1183 2160 1367 2214 invidia,
1396 2160 1591 2216 libidine,
1621 2162 1815 2216 avaritia,

325 2217 412 2270 ira,
454 2216 742 2272 impatientia,
793 2215 1040 2257 crudelitate
1082 2215 1311 2272 polluerint
1323 2223 1358 2269 ³,
1406 2217 1488 2259 sibi
1531 2223 1574 2260 et
1616 2215 1815 2260 omnibus

327 2272 544 2325 subiectis,
572 2272 655 2314 nisi
675 2271 955 2328 poenitendoi
977 2287 1022 2313 se
1042 2272 1331 2328 purgaverint,
1359 2271 1645 2328 periculosum
1665 2280 1815 2330 potum

324 2329 561 2384 iniquitatis
601 2328 891 2384 propinabunt
901 2334 933 2369 ⁴.
992 2327 1098 2370 Oret
1137 2333 1178 2369 et
1215 2328 1451 2370 intercedat
1485 2328 1541 2371 ad
1577 2328 1814 2372 Dominum

327 2384 465 2425 omnis
510 2383 691 2427 ecclesia
734 2389 998 2436 sanctorum,
1047 2389 1096 2424 ut
1139 2383 1343 2439 dignitas,
1393 2398 1501 2440 quae
1539 2383 1666 2426 hodie
1705 2398 1816 2442 pura

327 2439 499 2482 domino
530 2446 572 2482 et
599 2439 691 2496 regi
718 2446 864 2482 nostro
882 2438 1139 2482 Chuonrado
1169 2439 1383 2496 praesenti
1401 2454 1428 2482 a
1446 2439 1542 2482 Deo
1561 2445 1814 2497 praestatur,

425 2558 456 2593 a)
478 2560 560 2585 modi
583 2561 610 2587 1.
711 2558 741 2593 b)
763 2560 893 2586 militari
916 2562 942 2586 1.
1043 2558 1070 2593 0)
1097 2567 1165 2586 cum
1187 2559 1327 2586 claritate
1347 2561 1482 2586 maxima
1503 2560 1531 2588 2.
1632 2557 1663 2594 d)
1689 2560 1764 2586 deest
1783 2560 1812 2589 2.

327 2597 355 2631 e)
377 2599 540 2631 purissime
562 2600 590 2625 2.
672 2598 696 2632 f)
719 2602 765 2625 est
785 2600 864 2625 addit
887 2600 914 2628 2.
995 2598 1026 2633 g)
1048 2600 1081 2626 id
1103 2600 1130 2625 1.
1220 2597 1252 2632 h)
1272 2599 1345 2624 deest
1367 2599 1395 2625 2.
1476 2598 1499 2632 i)
1521 2599 1723 2632 poenitudine
1745 2600 1773 2626 1.

451 2697 488 2742 1)
515 2698 620 2733 Prov.
650 2699 706 2740 15,
726 2699 784 2732 33.
886 2698 924 2742 2)
950 2687 1018 2742 Ep..
1043 2698 1091 2732 ad
1108 2698 1209 2733 Rom.
1230 2699 1286 2740 13,
1304 2699 1320 2730 1
1335 2686 1354 2732 ε’
1375 2709 1447 2732 non
1465 2702 1519 2732 est
1543 2699 1635 2732 enim
1653 2702 1812 2743 potestas

325 2747 395 2781 nisi
421 2758 443 2780 a
469 2748 560 2781 Deo.
686 2746 725 2790 3)
760 2746 813 2790 (If.
841 2747 931 2781 Sall.
960 2746 1034 2781 Οαι.
1060 2759 1088 2780 c.
1119 2748 1175 2781 10.
1299 2746 1339 2791 4)
1364 2747 1492 2782 Jerem.
1519 2747 1576 2790 25,
1613 2747 1676 2780 15:
1712 2757 1811 2781 sume

323 2796 490 2889 ἑὲξῐοὶῐιιιὲ
504 2797 577 2830 vini
602 2797 731 2830 furoris
763 2797 866 2830 huius
901 2796 945 2830 de
980 2807 1087 2829 manu
1113 2807 1194 2830 mea
1221 2799 1256 2829 et
1279 2796 1486 2840 propinabis
1513 2795 1558 2829 de
1583 2795 1646 2830 illo
1674 2797 1811 2830 cunctis
