1864 3250
430 248 640 282 WIPONIS
668 247 824 282 GEsTA
851 246 1140 282 CHUONRADI
1167 246 1267 280 IMP.
1547 248 1594 282 2?

95 358 217 402 ribus
243 360 439 414 aestivis,
478 359 590 402 ultra
618 359 811 403 Atesim¹³¹
845 358 1025 401 fluvium
1054 364 1231 415 propter
1261 372 1397 415 opaca
1425 357 1522 400 loca
1552 365 1594 402 et
1610 376 1697 405 1026.

95 416 207 458 aeris
234 416 486 473 temperiem
514 417 560 458 in
579 423 783 459 montana
802 416 987 470 secessit,
1017 415 1079 457 ibi
1111 430 1165 457 ue
1190 413 1245 457 ab
1266 414 1592 472 archiepiscopo
1604 427 1684 461 Aug.

94 470 405 515 Mediolanensi
441 486 520 528 per
559 471 667 514 duos
704 487 872 515 menses
910 479 952 514 et
990 486 1090 527 amp
1108 472 1174 513 ius
1210 469 1399 527 regalem
1427 472 1592 513 victum

95 533 345 586 sumptuose
360 527 523 571 habuit.
573 528 689 570 Hinc
708 528 919 571 decedens
939 533 1134 592 tempore
1154 525 1403 581 autumnali,
1423 526 1593 569 Italiam
1608 539 1674 566 Oet.

93 582 268 640 planam
286 584 440 627 iterum
460 599 709 641 peragrans,
739 583 896 626 habitis
918 583 1138 626 conciliisb
1166 590 1209 626 et
1228 582 1444 639 regalibus
1467 582 1595 625 collo-

96 639 208 696 quiis
236 641 282 682 in
311 641 564 698 opportunis
600 640 729 694 locis,
765 647 893 697 atque
922 638 1102 683 rebelles
1132 640 1177 680 in
1205 638 1377 682 vincula
1405 640 1592 694 mittens,

93 709 278 752 regnum
305 697 573 753 pacificavit3
615 704 658 739 et
686 697 748 739 sic
777 697 1066 753 pertransiens
1104 710 1242 753 usque
1273 695 1329 738 ad
1360 695 1592 738 confinium

94 750 246 795 Italiae
275 759 319 796 et
345 753 625 810 Burgundiae
652 754 860 810 pervenit.

96 857 161 899 15.
220 858 375 910 Quod
413 857 588 914 legati
623 856 884 900 Ruodolfi
919 857 1067 912 regis
1102 855 1165 897 ad
1196 855 1592 899 Ohuonradum

440 929 616 971 regem
645 915 698 955 in
726 912 943 956 Italiam
976 918 1252 955 venerunt.

205 981 438 1024 Inchoante
467 996 578 1025 anno
608 982 843 1025 nativitatis
867 981 1028 1024 Christi
1060 981 1182 1023 1027.
1211 995 1290 1023 rex
1307 979 1590 1023 Ohuonradus

91 1036 139 1078 in
165 1037 189 1078 I
222 1038 368 1103 oregia
398 1039 570 1081 civitate
585 1047 597 1069 ¹
630 1037 815 1081 natalem
830 1038 1009 1080 Domini
1040 1036 1281 1080 celebravit.
1340 1035 1449 1078 llluc
1478 1037 1683 1083 Ruo-Dee.
1706 1056 1754 1084 2⁵.

93 1091 166 1135 dol
223 1108 338 1150 regis
374 1094 653 1151 Burgundiae
689 1094 821 1151 legati
859 1101 1086 1147 venerant,
1130 1094 1426 1149 promittentes
1470 1092 1592 1136 illum

91 1147 276 1191 Romam
303 1157 532 1193 venturum
569 1150 625 1193 ad
660 1150 911 1193 electionem
941 1156 983 1193 et
1012 1150 1378 1192 consecrationem
1407 1149 1590 1206 impera-

91 1205 245 1247 toriam
273 1206 387 1262 regis
418 1205 689 1261 Chuonradi3
754 1206 840 1248 uod
869 1222 948 1249 rex
977 1213 1194 1262 gratanter
1223 1205 1413 1261 accepit,
1455 1212 1498 1248 et
1526 1221 1591 1248 re-

92 1262 234 1304 missis
263 1260 417 1319 legatis
447 1277 545 1305 cum
574 1263 741 1306 muneri
772 1277 836 1317 us,
865 1263 958 1320 ipse
974 1263 1140 1305 Padum
1173 1262 1398 1315 transiens,
1428 1261 1484 1303 ad
1507 1262 1591 1305 Ro-

91 1333 207 1361 mam
243 1318 418 1362 tendere
454 1320 609 1376 coepit.
664 1320 853 1362 Veniens
890 1326 1033 1361 autem
1070 1319 1126 1361 ad
1162 1319 1326 1361 Lucam
1362 1318 1592 1373 civitatem,
1607 1334 1695 1362 102⁷.

91 1375 256 1420 invenit
285 1390 380 1418 eam
417 1375 501 1419 sibi
537 1375 763 1418 adversam
804 1390 904 1417 cum
933 1375 1174 1432 Reginhero
1204 1374 1464 1419 marchione.
1521 1375 1593 1418 Ibi

90 1447 171 1475 rex
197 1431 418 1490 paululum
446 1438 658 1487 moratus,
701 1438 800 1489 post
834 1446 998 1488 paucos
1038 1431 1128 1474 dies
1164 1431 1379 1474 civitatem
1411 1437 1454 1472 et
1482 1447 1592 1474 mar-

91 1489 289 1531 chionem
317 1489 362 1531 in
396 1489 655 1531 deditionem
694 1493 942 1544 acceperat,
987 1502 1244 1545 omnemque
1274 1487 1477 1528 Tusciam
1508 1487 1592 1530 sibi

91 1544 278 1589 breviter
307 1543 602 1601 subiugavit23

277 1600 435 1658 Sicque
464 1599 768 1658 triumphando
798 1600 1038 1642 Romanam
1067 1600 1215 1642 visitat
1242 1613 1399 1641 arcem.

91 1705 156 1749 16.
214 1705 361 1759 Quod
403 1721 501 1748 rex
538 1704 890 1803 Chuonisziduts
928 1705 1126 1746 Romae
1170 1705 1465 1762 imperator
1509 1710 1588 1747 est

709 1776 732 1804 e
794 1775 852 1804 ec
887 1776 962 1804 uS.

199 1831 338 1887 Igitur
371 1845 450 1872 rex
481 1829 766 1873 Ohuonradus
791 1830 974 1872 Romam
1013 1830 1248 1885 ingressus,
1286 1828 1438 1871 eodem
1473 1844 1587 1871 anno
1602 1846 1693 1875 Mart.
1715 1846 1766 1877 ει.

88 1891 137 1928 ut
155 1901 303 1943 supra,
332 1886 378 1929 id
393 1894 457 1929 est
476 1901 502 1928 a
520 1887 741 1928 nativitate
759 1885 994 1929 Salvatoris
1012 1885 1133 1939 1027,
1154 1885 1387 1928 indictione
1408 1885 1588 1940 decima,

88 1957 115 1984 a
141 1957 257 2000 papa
285 1942 475 1985 Iohanne
505 1950 547 1985 et
584 1943 795 1985 universis
824 1942 1028 1984 Romanis
1066 1942 1186 1998 regio
1216 1941 1377 1984 honore
1407 1942 1587 1984 mirifice

87 2006 286 2056 receptus
315 2006 401 2052 est,
432 2005 474 2041 et
502 1999 547 2040 in
576 1999 646 2041 die
676 2005 823 2041 sancto
853 1998 1063 2055 paschae,
1100 1998 1175 2054 qui
1205 2012 1255 2040 eo
1286 2012 1397 2039 anno
1430 1998 1468 2040 7.
1499 1998 1587 2040 Ka·
1600 2015 1693 2043 Mart.
1716 2015 1765 2043 2⁶.

86 2053 234 2098 lendas
270 2054 459 2112 Aprilis⁰
501 2055 830 2109 terminabatur,
874 2069 900 2096 a
936 2055 1142 2097 Romanis
1186 2054 1242 2096 ad
1285 2055 1588 2111 imperatorem

87 2109 263 2166 electus,
293 2109 559 2168 imperialem
587 2111 931 2154 benedictionem
962 2125 988 2152 a
1017 2125 1131 2167 papa
1159 2111 1361 2167 suscepit,

300 2167 461 2210 Caesar
489 2174 532 2209 et
560 2174 766 2223 augustus
795 2167 990 2209 Romano
1020 2168 1191 2209 nomine
1222 2166 1374 2209 dictus.

88 2222 205 2276 Quin
247 2224 376 2266 etiam
415 2223 564 2279 regina
595 2223 742 2266 Gisela
783 2224 1096 2280 imperatricisd
1142 2224 1508 2265 consecrationem
1547 2229 1589 2266 et

87 2293 245 2321 nomen
283 2278 446 2323 ibidem
474 2280 653 2336 accepit.
714 2280 794 2321 His
830 2280 891 2321 ita
927 2280 1112 2336 peractis
1150 2279 1194 2320 in
1224 2279 1406 2321 duorum
1434 2293 1586 2336 regum

87 2337 348 2391 praesentia,
387 2335 587 2378 Ruodolfi
623 2336 737 2401 regis
776 2335 1052 2391 Burgundiae
1092 2341 1134 2378 et
1164 2334 1430 2378 Ohnutonise
1469 2336 1584 2391 regis

87 2390 340 2489 Anffimum’
385 2391 530 2434 divino
576 2391 718 2434 officlo
760 2391 895 2446 finito,
939 2393 1172 2448 imperator
1214 2392 1398 2434 duorum
1435 2406 1586 2447 regum

88 2461 158 2490 me
193 2448 256 2490 ‘us
285 2448 342 2490 ad
370 2447 613 2491 cubiculum
655 2463 780 2491 suum
813 2447 1047 2491 honorifice
1079 2447 1233 2491 ductus
1263 2455 1339 2491 est.
1398 2447 1451 2490 In
1479 2448 1586 2504 ipsis

89 2501 240 2546 diebus
283 2503 556 2561 paschalibus
596 2505 707 2548 inter
740 2505 957 2547 Romanos
993 2511 1035 2547 et
1069 2505 1329 2547 Teutonicos
1369 2519 1446 2561 pro
1491 2503 1590 2547 vilir

207 2611 238 2646 a)
260 2611 344 2639 Atim
368 2614 394 2639 1.
418 2614 454 2645 25
485 2614 579 2640 Aitim
600 2614 709 2646 Zwetl.;
731 2613 871 2641 Athesim
900 2615 1015 2647 scripsit
1045 2615 1098 2641 Pez
1124 2615 1156 2640 in
1186 2614 1308 2640 editione
1338 2614 1443 2641 Okron.
1473 2615 1588 2648 Zwetl.,·

87 2651 206 2678 Padum
227 2652 384 2678 emendavit
405 2652 494 2679 Perta.
558 2651 590 2687 b)
613 2654 751 2680 consiliis
775 2655 802 2682 1.
825 2656 853 2681 2.
908 2653 935 2688 c)
957 2655 1000 2680 ita
1023 2655 1049 2680 1.
1071 2654 1182 2686 Zweel.;
1204 2654 1327 2687 Apriles
1350 2655 1379 2680 2.
1436 2652 1467 2688 d)
1490 2655 1588 2687 impe-

89 2692 200 2756 25:3⁸
222 2692 250 2719 1.
266 2729 289 2764 f)
311 2691 557 2757 νΞεέῃίΕιὲἰιιαοιιίιι
580 2694 612 2725 1;
644 2692 795 2720 Onutonls
819 2694 850 2726 2,
882 2702 910 2721 v.
931 2693 1014 2727 infra
1035 2701 1060 2721 c.
1082 2694 1136 2726 353
1176 2693 1338 2721 Chnitouis
1373 2697 1398 2720 et
1420 2693 1585 2721 chuttonis

214 2799 248 2844 1)
290 2799 409 2834 Ivrea.
436 2799 479 2834 P.
580 2800 619 2844 2)
653 2800 798 2837 Sueton.
828 2801 926 2838 Caes.
954 2815 983 2837 c.
1010 2803 1068 2837 34.
1089 2801 1182 2848 Auq.
1209 2816 1238 2838 c.
1268 2804 1325 2836 17.
1350 2815 1378 2838 c.
1395 2804 1459 2836 67.-
1486 2803 1590 2837 brevi

92 2848 210 2882 omnia
235 2850 391 2894 subegit.
