1864 3250
309 255 355 287 10
636 252 846 287 WIPONIS
873 252 1029 286 GESTA
1058 250 1345 286 CHUONRADI
1371 251 1469 284 IMP.

207 382 294 411 1024.
309 379 435 407 mano
473 365 676 420 imperio,
717 364 778 405 ita
815 369 863 405 ut
890 377 1016 417 nunc,
1056 362 1258 405 acclinisa
1286 363 1438 405 fuerat.
1497 361 1624 415 Quod
1653 368 1797 404 autem

309 422 502 464 subiecta
542 426 605 462 est
643 419 812 472 modob,
852 420 980 460 trium
1015 434 1165 474 regum
1201 418 1362 474 gloriae
1398 418 1666 461 adscribitur.
1725 416 1799 460 Se-

310 477 476 519 cundus
496 476 726 517 Heinricus
745 476 977 530 imperator
995 475 1181 530 primum
1202 487 1296 516 eam
1322 474 1517 516 subicere
1535 477 1761 530 temptavit
1770 480 1800 526 θ,

311 539 354 576 01
389 532 498 574 bene
542 532 588 572 in
622 531 704 572 1100
743 530 882 572 studio
921 530 1222 586 perseveravit.
1280 530 1449 573 Deinde
1489 529 1800 572 chuonradusd

310 590 542 644 imperator
580 587 770 628 animoso
800 586 965 642 impetu
989 586 1178 628 Francos
1198 586 1401 628 Latinose
1429 585 1638 628 hostiliter
1665 599 1722 627 ex
1749 598 1801 626 ea

312 644 449 697 eiecit,
479 641 702 699 belloquef
735 657 830 684 eam
870 642 1126 697 subiugavit.
1185 641 1256 683 Ad
1295 648 1533 684 extremum
1561 656 1640 684 rex
1670 640 1800 682 Hein-

311 702 428 742 ricus
458 698 628 752 tertius,
659 698 775 754 pius,
809 698 1038 754 pacificus,
1077 698 1190 739 linea
1218 698 1452 750 111511010οἔ,
1481 696 1591 740 bello
1621 702 1664 740 et
1691 710 1800 753 pace

313 755 493 798 eandem
537 753 832 810 Burgundiam
873 754 1158 810 temperavith
1203 767 1299 795 cum
1342 768 1413 795 ma
1476 753 1681 807 ‘ficentia3
1724 751 1802 794 ubi

314 826 424 868 quae
452 810 597 852 divina
625 809 894 866 providentia
922 816 1009 851 tam
1039 810 1158 865 pacis
1190 824 1317 865 quam
1346 768 1673 861 beffionsiliis,
1703 822 1802 850 con-

314 866 422 909 ciliis
453 873 495 908 et
524 865 817 920 conventibus,
857 866 1012 921 quibus
1045 865 1258 907 interdum
1288 865 1379 920 ipse
1407 864 1593 918 interfui,
1622 863 1804 928 peregit,

313 922 418 965 alias
439 921 796 964 commemorabo.
850 921 976 963 Nune
1007 920 1062 962 ad
1082 922 1348 977 propositum
1369 920 1498 963 redeo
1513 929 1541 962 ¹.
1584 919 1800 975 Unganai

313 985 471 1031 autem,
503 993 632 1034 quam
661 978 773 1019 idem
804 992 883 1019 rex
910 977 1141 1018 Heinricus
1181 977 1329 1018 tertius
1358 976 1492 1019 nobili
1520 982 1648 1032 atque
1677 975 1804 1016 mira-

313 1034 419 1076 bilik
449 1034 630 1075 victoria
659 1033 835 1086 domuit,
867 1039 908 1074 et
931 1038 1029 1088 post
1049 1034 1272 1075 victoriam
1293 1033 1606 1089 sapientissimo
1627 1029 1801 1073 consilio

315 1090 397 1132 sibi
427 1096 470 1132 et
499 1088 815 1131 successoribus
847 1090 933 1130 suis
971 1088 1193 1142 stabilivit,
1234 1088 1453 1144 praedicto
1492 1095 1683 1144 tempore
1722 1100 1804 1128 nec

312 1145 460 1188 audire
489 1160 567 1187 nos
595 1145 796 1187 sustinuit
807 1152 835 1186 ².

430 1202 491 1244 Su
523 1217 572 1243 ra
611 1201 834 1243 memorati
873 1201 1063 1257 episcopi
1093 1206 1135 1243 et
1163 1199 1292 1242 duces
1324 1200 1566 1256 caeterique
1594 1205 1803 1256 potentes,

314 1258 431 1300 haud
469 1273 495 1299 a
511 1258 591 1300 iter
627 1256 867 1313 periculum
903 1257 1102 1298 minitans
1147 1255 1296 1298 melius
1345 1263 1418 1298 aut
1457 1256 1582 1297 citius
1621 1254 1803 1298 evadere

314 1315 396 1356 rati
409 1315 433 1368 ¹,
465 1328 632 1355 summa
661 1328 741 1369 ope
772 1319 814 1355 01
843 1313 1054 1354 industria
1083 1311 1348 1354 memorabili
1376 1312 1422 1353 ni
1442 1311 1718 1362 ebanturm·³,
1748 1325 1803 1353 ne

314 1385 382 1412 res
411 1369 583 1426 publica
621 1369 780 1411 diutius
820 1369 910 1410 sine
946 1374 1120 1424 regente
1156 1375 1335 1410 nutaret.
1430 1368 1566 1409 rivata
1601 1365 1806 1408 consilia4

316 1432 359 1468 01
387 1427 552 1467 animos
583 1424 860 1481 singulorum,
891 1425 961 1466 cui
991 1424 1216 1481 quisquam
1245 1424 1514 1477 consentiret,
1545 1423 1615 1465 cui
1645 1423 1807 1464 dissen-

315 1483 427 1535 tiret,
458 1487 531 1523 aut
561 1495 687 1537 quem
718 1479 799 1522 sibi
836 1481 1056 1522 dominum
1097 1486 1282 1536 optaret,
1317 1478 1592 1536 epistolarum
1621 1485 1664 1521 01
1690 1477 1806 1534 lega-

316 1545 456 1580 torum
500 1537 780 1579 commoditas
812 1535 1070 1589 conferebat,
1113 1550 1253 1592 neque
1289 1535 1335 1577 id
1363 1536 1407 1576 in
1435 1542 1636 1577 vanumn.
1693 1534 1805 1576 Nam

315 1593 609 1650 providentiae
637 1598 713 1646 est,
742 1594 949 1634 1111011115ο
978 1599 1258 1648 1110οΡ0101οθ
1289 1605 1372 1648 quo
1402 1591 1504 1633 foris
1523 1590 1613 1633 indi
1647 1605 1705 1644 es,
1735 1596 1807 1632 etl>

318 1649 543 1692 consilium
563 1654 660 1691 ante
682 1663 789 1705 opus
848 1663 993 1690 semen
1009 1654 1072 1690 est
1092 1647 1307 1704 sequentis
1327 1647 1490 1689 fructus
1502 1654 1539 1674 ¹¹·
1553 1654 1590 1690 5.,
1687 1651 1806 1688 ustra

317 1707 431 1748 enim
460 1704 515 1747 ab
546 1703 678 1747 altero
699 1703 908 1746 auxilium
929 1710 1144 1759 expectas,
1175 1704 1211 1745 si
1230 1704 1430 1759 ignoras‘l
1479 1702 1556 1744 uid
1575 1702 1805 1745 desideres.

316 1762 368 1804 In
397 1762 525 1804 rebus
555 1760 701 1802 arduis
731 1767 893 1803 secreto
924 1758 1156 1812 consulere,
1186 1758 1392 1815 paulatim
1415 1759 1467 1801 de
1484 1759 1661 1812 iberare,
1689 1757 1805 1800 velo-

318 1819 424 1860 citer
451 1817 610 1869 facere,
649 1818 809 1859 bonum
849 1817 1011 1858 exitum
1047 1814 1234 1858 habebit.
1293 1815 1487 1856 Tandem
1516 1814 1716 1857 condicta
1743 1818 1808 1856 est

317 1874 409 1915 dies
445 1879 702 1929 notatusque
730 1871 848 1914 100115
858 1904 868 1926 ,
907 1873 981 1913 fitr
1010 1870 1208 1928 publicus
1248 1877 1501 1924 conventus,
1539 1869 1711 1927 qualem
1738 1883 1807 1911 me

437 1981 466 2014 a)
498 1982 540 2007 ita
566 1982 677 2013 Zwetl.,·
705 1981 829 2007 acclivis
854 1982 879 2007 l.
904 1981 930 2006 2.
1028 1979 1058 2014 b)
1080 1981 1170 2006 modo
1199 1980 1337 2006 subiecta
1365 1981 1410 2006 est
1432 1980 1460 2006 2.
1551 1978 1580 2013 0)
1602 1977 1754 2011 impendit
1774 1978 1808 2010 13

317 2021 451 2046 intendit
482 2019 641 2055 (tentavit)
664 2021 697 2052 23
725 2021 857 2046 tentavit
887 2020 979 2046 Zwetl.
1061 2018 1091 2054 d)
1121 2026 1190 2045 cum
1219 2020 1290 2045 aliis
1317 2019 1346 2045 4.
1427 2017 1456 2052 e)
1490 2019 1564 2044 decet
1587 2019 1622 2051 23
1649 2017 1685 2043 F.
1713 2019 1744 2043 et
1769 2017 1806 2044 L.

317 2060 411 2086 Zwetl.
491 2058 514 2093 f)
546 2060 650 2085 hostili
681 2060 807 2086 tenebat
837 2059 983 2091 belloque
1014 2061 1042 2085 1.
1123 2058 1154 2091 g)
1187 2059 1328 2084 iusticiae
1358 2058 1464 2083 lacuna
1492 2064 1582 2090 usque
1610 2057 1749 2089 nugaria
1778 2057 1806 2084 1.

317 2097 350 2133 h)
372 2100 543 2125 adtentavit
562 2099 654 2125 Zwetl.
735 2098 758 2132 i)
788 2099 939 2130 vulgaria
960 2100 988 2123 1.
1068 2096 1101 2131 k)
1129 2098 1304 2124 admirabili
1325 2098 1353 2123 2.
1433 2095 1456 2130 1)
1482 2098 1546 2123 nati
1567 2097 1594 2123 2.
1676 2094 1719 2129 m)
1741 2097 1807 2122 ute·

317 2138 431 2164 bantur
462 2140 489 2166 2.
569 2137 602 2172 n)
632 2145 763 2164 vacuum
796 2139 820 2165 2.
902 2136 932 2171 ο)
961 2138 1159 2170 interpretari
1188 2139 1214 2163 1.
1295 2135 1329 2170 p)
1357 2137 1430 2162 deest
1462 2138 1487 2164 1.
1567 2135 1599 2169 q)
1626 2135 1751 2167 ignoret
1780 2135 1808 2163 1.

318 2176 345 2210 r)
367 2178 441 2203 deest
463 2179 489 2205 1.

444 2256 482 2301 1)
510 2257 564 2300 Of.
582 2257 670 2291 Sall.
691 2257 775 2302 Juy.
802 2269 829 2291 c.
849 2258 889 2290 4:
924 2268 1018 2291 nunc
1044 2256 1090 2290 ad
1122 2258 1304 2300 inceptum
1338 2255 1467 2297 rede03
1498 2267 1525 2288 c.
1543 2255 1609 2287 42:
1637 2265 1743 2298 quam
1762 2254 1809 2288 ob

319 2318 394 2341 rem
421 2307 469 2341 ad
495 2309 676 2350 inceptum
711 2307 841 2348 rede03
883 2305 965 2340 vide
990 2306 1090 2349 infra
1116 2317 1144 2340 c.
1172 2306 1212 2338 2:
1247 2305 1387 2348 plenius
1423 2304 1542 2337 dicere
1575 2303 1808 2347 topographis

320 2357 496 2400 relinquo,
525 2367 592 2398 ego
620 2360 738 2388 autem
757 2356 803 2388 ad
821 2356 1002 2400 inceptum
1021 2355 1148 2396 redeo;
1171 2355 1216 2387 de
1236 2365 1306 2397 qua
1323 2355 1360 2386 in
1378 2353 1608 2396 sequentibus
1637 2352 1809 2392 dicturus,

319 2416 413 2438 nunc
439 2405 485 2437 ad
511 2415 633 2447 regem
659 2409 835 2445 revertam
879 2415 906 2437 0.
933 2405 975 2436 4:
1009 2405 1100 2436 haee
1127 2403 1172 2435 de
1197 2404 1322 2446 regina
1346 2403 1487 2435 interim
1513 2401 1674 2434 breviavi
1698 2401 1808 2434 inter-

319 2455 437 2487 missis
462 2453 644 2496 regalibus
664 2454 794 2495 gestis3
821 2463 914 2485 nunc
934 2453 980 2485 ad
1000 2453 1125 2485 eadem
1143 2456 1313 2485 revertar.
1414 2451 1452 2492 2)
1476 2450 1584 2483 Homo
1600 2449 1810 2483 sententiam

321 2515 345 2535 a
377 2502 518 2545 Wipo'ne
543 2502 631 2544 ipso,
666 2512 745 2534 cum
778 2502 933 2535 libellum
964 2512 1068 2534 suum
1099 2503 1315 2540 retractaret,
1342 2498 1592 2542 interpolatam
1617 2509 1701 2539 esse,
1729 2495 1807 2531 ani-

319 2550 509 2584 madvertit
527 2550 757 2591 Giesebrecht,
787 2550 910 2584 Gesch.
936 2550 1000 2583 der
1026 2549 1214 2583 deutschen
1233 2547 1432 2581 Kaiserzeit
1450 2547 1504 2589 ΙΙ,
1532 2547 1616 2581 562.
1645 2545 1698 2590 CJ-
1717 2557 1809 2590 quae

321 2598 505 2642 disputavi
543 2598 661 2632 Neues
694 2598 827 2632 Archiv
863 2598 917 2640 H,
947 2599 1029 2632 590.
1130 2597 1168 2640 3)
1207 2596 1296 2631 Sall.
1332 2595 1407 2629 Cat.
1444 2609 1472 2633 c,
1500 2596 1540 2628 1:
1575 2605 1714 2629 summa
1738 2605 1807 2638 ope

321 2650 406 2689 niti;
434 2660 463 2682 c.
483 2647 549 2680 38:
578 2659 715 2681 summa
741 2659 808 2690 ope
831 2649 1027 2687 nitebatur,
1053 2658 1087 2680 v.
1113 2647 1195 2690 Juy.
1215 2658 1243 2679 c.
1266 2646 1322 2677 14.
1422 2643 1463 2688 4)
1489 2644 1580 2680 Sall.
1601 2642 1674 2677 Oat.
1693 2653 1720 2676 0.
1741 2644 1807 2676 29:

321 2698 460 2740 privato
488 2697 650 2729 consilio.
753 2696 792 2740 5)
820 2695 873 2739 (If.
901 2694 1127 2729 Proverhium
1149 2706 1207 2738 ap.
1228 2694 1440 2737 Mu'llenhoff
1453 2699 1484 2727 et
1502 2693 1661 2734 Sohar-er,
1687 2691 1808 2726 Deuk-

321 2746 432 2778 mazer
457 2745 641 2779 deutscher
665 2743 786 2778 Poe-sie
816 2746 892 2778 und
917 2745 1034 2778 Prosa
1058 2743 1219 2785 XXVII,
1247 2744 1281 2783 2,
1309 2745 1350 2775 3:
1382 2744 1495 2776 Actus
1529 2741 1679 2775 consilia
1703 2751 1807 2784 prae-

323 2794 465 2835 cedant,
491 2795 544 2827 sic
563 2793 729 2827 Salomon
756 2794 832 2827 vult
857 2799 889 2828 et
915 2791 1004 2827 Sall.
1026 2792 1100 2827 Oat.
1121 2804 1148 2827 c.
1171 2794 1210 2825 1:
1237 2793 1443 2835 priusquam
1468 2790 1620 2834 incipias
1647 2789 1811 2823 consulto

323 2854 411 2887 opus
439 2846 503 2876 est.
558 2841 669 2876 Otloh.
695 2842 863 2876 Proverb.
893 2855 919 2876 c.
948 2843 982 2882 3,
1008 2841 1077 2875 Pez
1105 2854 1131 2875 c.
1152 2842 1242 2874 493:
1272 2840 1429 2874 Consilio
1456 2850 1544 2883 opus
1570 2842 1625 2873 051
1648 2839 1757 2872 facto.
