1864 3250
388 220 675 256 CHRONIC'ON
700 221 979 254 HERIMANNI
1005 221 1282 255 AUGIENSIS.
1550 225 1594 258 73

88 335 255 394 legatus
284 334 494 391 dirigitur,
528 332 674 391 ibique
703 334 795 376 inse
828 334 948 375 uenti
975 347 1087 375 anno
1117 332 1355 388 defunctus,
1386 333 1594 376 Willihel-

89 407 210 491 mfiiiim
239 404 529 435 successorem
558 389 739 447 accepit.
830 388 999 446 iltegart
1028 389 1336 446 Bouchaugiae
1372 389 1594 433 abbatissa

89 463 114 492 e
162 448 284 491 citur.

203 504 325 547 1028.
369 502 629 557 Heinricus,
669 501 782 544 filius
818 502 1110 558 imperatoris,
1151 501 1414 558 Aquisgrani
1449 502 1494 544 in
1524 502 1594 546 die
1606 517 1684 551 Apr.
1708 519 1756 546 ιι.

87 566 234 604 sancto
261 559 449 616 paschae
478 574 558 602 rex
577 573 604 600 a
626 557 893 615 principibus
922 559 1087 600 cunctis
1117 557 1258 599 adhuc
1283 573 1391 614 puer
1420 557 1593 613 electus,

88 631 116 659 a
143 615 351 715 piligrino
382 614 637 659 Coloniense
667 615 991 671 archiepiscopo
1022 621 1175 657 unctus
1205 621 1282 657 est.

203 674 225 715 1
257 672 326 716 29.
369 673 636 729 Imperatore
674 671 936 727 Ratisponae
980 669 1184 727 paschale
1220 670 1377 713 festum
1425 677 1593 728 agente,
1606 685 1681 719 Apr.
1706 687 1734 714 6.

85 727 208 771 Brim
243 727 530 786 Augustensis
571 727 822 784 episcopus,
859 742 1053 769 summus
1098 727 1324 782 symmista
1363 728 1474 782 eius,
1503 728 1594 770 vita

85 784 195 828 inibi
229 784 415 828 decessit
427 793 456 838 1,
488 783 797 841 Augustaeque
833 784 879 825 in
918 790 1072 840 coepta
1110 784 1258 825 Sancti
1297 783 1498 826 Mauricii
1529 798 1591 826 se-

85 841 231 898 pultus
257 840 446 895 basilica,
477 839 778 882 Eberhardum
807 840 976 905 accepit
1005 854 1310 882 successorem.

199 898 323 941 1030.
367 897 531 939 Ernust
559 897 662 951 duX,
693 911 791 938 cum
823 895 951 938 exilio
981 895 1200 939 relaxatus
1230 895 1436 938 ducatum
1466 911 1593 938 suum
1607 910 1697 938 Mart.

83 955 330 1012 recepisset,
359 968 592 1010 pravorum
612 952 788 995 consilio
810 968 927 1007 usus,
957 958 999 994 et
1024 952 1164 995 denuo
1185 953 1434 1009 imperatori
1463 952 1594 995 refra-

114 1017 223 1065 atus,
252 1009 412 1053 ducatu
431 1010 639 1066 privatur,
669 1015 711 1052 et
739 1009 869 1052 frater
899 1010 989 1052 eius
1018 1009 1159 1051 iunior
1177 1008 1470 1051 Herimannus
1503 1008 1594 1051 dux

83 1025 327 1110 {neverum
347 1065 542 1108 efficitur.
582 1065 863 1108 Counradusa
883 1065 1126 1122 imperator,
1154 1065 1240 1106 iam
1263 1064 1426 1107 dudum
1454 1065 1594 1107 inimi-
1607 1079 1677 1107 Iun.

83 1122 227 1166 citiisb
257 1137 356 1165 cum
387 1121 607 1178 Stephano
637 1121 929 1178 Ungariorum
956 1137 1060 1177 rege
1089 1121 1296 1176 conflatis,
1325 1122 1594 1164 Pannoniam

82 1179 225 1238 petiit,
269 1184 311 1222 et
340 1185 548 1236 quantum
578 1177 828 1220 fluminibus
864 1185 906 1220 et
940 1178 1169 1234 paludibus
1205 1193 1292 1220 non
1322 1176 1594 1220 obstantibus

81 1240 262 1293 poterat,
304 1234 473 1277 Rabam
502 1242 667 1291 usquec
698 1233 975 1277 devastavitd.
1033 1234 1212 1276 Interim
1255 1235 1301 1275 in
1336 1232 1594 1276 Alamannia

83 1306 184 1335 cum
225 1291 387 1333 Ernust
430 1290 594 1333 dudum
637 1289 729 1332 dux
768 1291 945 1347 eiusque
982 1290 1211 1347 complices
1245 1291 1394 1346 parvis
1428 1291 1593 1333 viribus

82 1353 234 1391 contra
250 1348 554 1404 imperatorem
575 1348 800 1402 agitantes,
830 1346 1004 1403 praedis
1025 1348 1140 1389 circa
1160 1345 1313 1388 silvam
1333 1347 1591 1389 Martianam

80 1402 312 1462 populares
331 1403 591 1458 infestarent,
621 1418 648 1445 a
666 1402 924 1459 Manegoldo
950 1404 1105 1446 comite
1126 1419 1182 1445 ex
1203 1403 1413 1459 Augiensi
1437 1402 1590 1445 militia

81 1460 298 1504 observati
327 1467 370 1502 et
401 1460 465 1502 16.
495 1459 594 1501 Kal.
622 1458 887 1515 Septembris
919 1466 1115 1502 conserto
1145 1459 1309 1516 praelio
1340 1459 1445 1502 victi
1476 1466 1587 1503 sunt.
1602 1468 1683 1501 Aus-
1707 1470 1754 1497 1⁷·

79 1516 182 1573 Ipso
213 1531 267 1559 ue
303 1515 561 1572 Manegoldo
597 1515 759 1558 ibidem
794 1523 1042 1572 perempto,
1073 1516 1253 1570 Ernust,
1284 1515 1454 1572 pridem
1484 1515 1588 1568 dux,

82 1578 125 1616 et
152 1531 407 1616 vaerinhere
437 1586 602 1626 comes,
633 1578 765 1628 caput
791 1572 1062 1627 rebellionis,
1092 1571 1383 1615 Adalbertuse
1415 1586 1589 1628 quoque

82 1634 126 1672 et
153 1628 326 1682 Werin,
363 1627 527 1671 nobiles
555 1627 733 1682 milites,
773 1642 871 1670 cum
905 1627 999 1670 aliis
1031 1628 1294 1683 ceciderunt3
1342 1634 1384 1671 et
1426 1628 1590 1670 Ernust

85 1685 383 1739 Constantiae‚
423 1683 706 1740 Manegoldus
749 1699 852 1727 vero
892 1685 1060 1741 Augiae
1091 1684 1248 1741 sepulti
1278 1691 1390 1728 sunt.
1449 1685 1586 1741 Burg-

81 1740 242 1784 hardus
279 1740 498 1797 Augensis
536 1755 742 1782 monacus
778 1741 1039 1797 Ratisponae
1079 1747 1186 1798 aput
1231 1741 1439 1784 Sanctum
1483 1741 1586 1782 Em-

81 1812 364 1840 merammum
394 1796 531 1840 abbas
560 1803 850 1853 promovetur.

198 1853 319 1896 1031.
372 1854 469 1895 Pax
511 1867 610 1894 cum
655 1852 872 1909 Stephano
915 1868 1017 1909 rege
1062 1853 1356 1909 Ungariorum
1404 1852 1586 1895 redinte-

81 1915 241 1966 gratur.
309 1909 445 1952 Aribo
490 1909 790 1966 Mogontinaef
836 1909 950 1951 sedis
995 1908 1345 1966 archiepiscopus
1402 1909 1585 1951 Romam

82 1965 234 2008 orandi
261 1966 401 2022 gratia
429 1972 593 2022 petens,
622 1965 704 2007 hac
731 1966 821 2008 vita
846 1965 1050 2020 decessit;
1081 1966 1207 2023 eique
1227 1967 1273 2007 in
1292 1965 1586 2022 archipraesu-

80 2021 169 2064 latu
197 2021 354 2075 Bardo,
383 2022 473 2064 vita
502 2029 544 2064 et
571 2021 722 2064 habitu
750 2021 951 2064 monachi
980 2021 1251 2065 venerandus
1265 2030 1296 2077 g,
1328 2022 1546 2064 successit.
1599 2031 1675 2065 Apr.
1698 2033 1725 2059 ⁶·

196 2078 319 2121 1032.
338 2077 588 2132 Roudolfus,
603 2078 785 2133 ignavus
800 2078 1079 2134 Burgundiae
1094 2077 1282 2135 regulus,
1307 2078 1423 2132 obiit,
1441 2084 1483 2121 et
1497 2078 1586 2120 dia·
1600 2095 1688 2129 Sept.
1712 2097 1741 2123 6.

81 2133 208 2177 dema
221 2134 313 2176 eius
327 2134 536 2191 regnique
546 2134 733 2190 insignia
743 2133 974 2177 counrado
985 2135 1234 2191 imperatori
1250 2150 1327 2191 per
1343 2134 1586 2190 Seligerum

79 2188 208 2233 allata
218 2196 327 2232 sunt.
358 2190 708 2246 Imperatoreque
728 2191 832 2246 ipsis
848 2189 1002 2233 diebus
1018 2197 1169 2233 contra
1179 2191 1450 2244 Misiconem,
1469 2190 1586 2233 Scla-

80 2260 232 2289 vorum
259 2247 333 2303 qui
347 2245 532 2288 Bolonih
552 2252 760 2289 vocantur
779 2261 938 2302 regem,
965 2247 1203 2289 exercitum
1223 2246 1440 2301 ductante,
1472 2246 1585 2301 Odo,

81 2303 238 2345 sororis
258 2302 451 2345 eiusdem
470 2302 673 2345 Roudolfi
700 2302 824 2357 filius,
854 2303 1057 2359 princeps
1086 2302 1277 2345 Gallicae
1305 2302 1414 2345 Cam
1446 2303 1584 2358 aniae,

79 2373 263 2414 regnum
288 2358 567 2423 Burgundiae
595 2359 764 2412 invasit,
798 2359 1021 2424 captisque
1047 2358 1300 2416 Nuenbergi
1324 2365 1368 2401 et
1434 2364 1586 2401 urtena

81 2415 244 2469 castris,
274 2429 352 2456 sua
382 2429 428 2456 m
455 2415 514 2457 eis
548 2414 762 2472 praesidia
789 2415 980 2480 inposult
994 2416 1026 2458 ¹⁴.
1084 2415 1199 2458 Bern
1227 2414 1398 2472 Augiae
1435 2415 1586 2470 abbas,

80 2471 222 2513 missis
250 2471 432 2513 Romam
462 2470 657 2513 coenobii
687 2471 753 2513 sui
783 2470 1031 2528 privilegiis,
1061 2486 1088 2513 a
1117 2486 1232 2529 papa
1261 2472 1451 2514 Iohanne
1480 2471 1585 2514 item

79 2525 356 2584 privilegium
377 2541 477 2569 cum
497 2526 712 2582 sandaliis,
738 2534 786 2570 ut
806 2527 1124 2584 episcopalibus
1143 2528 1405 2572 indumentis
1426 2529 1584 2570 missas

180 2651 211 2687 n)
243 2644 358 2680 οιιὸιιι.
382 2653 410 2680 2.
491 2651 523 2686 b)
551 2653 699 2680 inimicus
721 2655 747 2681 1.
770 2655 797 2680 2.
880 2653 908 2688 c)
936 2655 1011 2680 dem
1033 2656 1061 2683 1.
1142 2653 1172 2688 d)
1202 2655 1315 2688 nuqua
1336 2655 1411 2681 amn·
1431 2655 1534 2681 desum
1556 2655 1586 2682 2.

80 2690 110 2726 e)
131 2691 244 2719 Adelb.
263 2693 290 2719 1.
311 2692 339 2720 2.
427 2691 451 2726 s)
474 2693 631 2730 Mogontie
653 2694 681 2720 2.
774 2692 804 2727 g)
827 2695 998 2721 venerandi
1021 2695 1048 2720 1.
1129 2693 1160 2729 h)
1184 2696 1299 2721 Bolani
1321 2695 1349 2721 2.
1440 2694 1462 2728 i)
1487 2695 1585 2727 captis

80 2731 186 2758 multis
208 2731 316 2758 eastris
339 2732 374 2764 ξς
393 2731 547 2764 Nuenbug
570 2733 595 2758 1.
677 2731 710 2767 k)
732 2734 845 2766 reliqua
866 2734 940 2759 anm·
961 2734 1063 2760 desunt
1084 2735 1114 2761 2.

184 2831 222 2876 1)
247 2831 316 2866 Die
337 2833 397 2865 24.
423 2843 468 2867 m.
494 2830 643 2875 Aprilis.
