1864 3250
211 402 298 430 1033.

212 849 298 875 1034.

155 888 231 921 Apr.
251 890 296 915 14.

161 1804 212 1840 Ἴ).
235 1807 301 1833 271.

214 2258 301 2285 1033.

310 276 357 308 38
642 274 852 309 WIPONIS
880 274 1033 308 GESTA
1062 272 1348 308 CHUONRADI
1374 273 1473 306 IMP.

311 388 420 429 ficiis
452 386 669 439 Oudonis‚
711 391 852 427 tantas
893 385 1208 427 devastationes
1243 391 1285 426 et
1312 384 1510 429 incendia
1537 382 1639 425 fecit
1666 383 1801 440 impe-

311 450 439 496 rator,
469 450 517 484 ut
545 442 637 497 ipse
654 441 782 483 Oudo
802 441 1054 483 necessitate
1080 439 1350 496 compulsus1
1381 439 1596 482 humiliter
1624 439 1801 481 veniens

341 504 534 541 uaereret
550 498 734 551 veniam,
796 497 1015 539 romittens
1030 496 1120 537 Bur
1151 496 1326 538 undiam
1346 495 1558 538 dimittere
1586 500 1629 537 et
1654 509 1803 537 secun-

342 569 416 595 um
458 553 690 595 iussionem
732 554 748 594 i
779 553 846 594 ius
890 552 973 595 sibi
1015 553 1115 595 satis
1134 566 1271 594 acere.
1331 551 1403 594 Sic
1441 552 1672 609 imperator
1701 564 1802 592 cum

313 625 390 652 suo
420 610 578 651 honore
610 616 652 651 et
682 608 876 651 Oudonis
906 607 1094 664 dampno
1124 622 1322 650 reversus
1353 614 1428 651 est.

369 715 436 756 32.
496 712 749 767 Qualiter
787 713 1091 809 impgrator
1122 712 1396 809 &udonem
1437 708 1647 767 expulit
1686 709 1747 752 de

940 783 1110 824 urgun
1160 783 1220 809 ia

423 837 550 879 Anno
581 837 759 879 Domini
806 836 926 879 1034.
964 837 1022 877 im
1057 843 1196 878 erator
1232 836 1278 876 in
1317 834 1516 876 Baioaria
1544 831 1804 875 Ratisbonae

312 900 507 936 sanctum
536 894 698 950 pascha
728 892 972 935 celebravit.
1077 893 1173 933 uius
1207 892 1307 932 anni
1336 896 1510 943 aestate,
1545 888 1648 938 dum
1678 887 1804 931 Oudo

311 949 528 1007 praefatus
558 949 770 1006 promissa
798 963 885 990 non
914 948 1162 1001 attenderet,
1194 947 1269 989 sed
1290 946 1430 988 adhuc
1451 944 1680 1002 quamdam
1709 958 1806 1001 par-

310 1013 397 1048 tem
417 1005 709 1061 Burgundiae,
770 1019 870 1046 uam
894 1005 1048 1045 iniuste
1068 1005 1293 1056 invaserat,
1324 1003 1545 1053 obtineret,
1573 1001 1806 1058 imperator

313 1061 610 1115 Chuonradus,
642 1020 852 1117 expgditis
869 1061 1114 1102 Teutonieis
1145 1065 1187 1101 et
1214 1057 1346 1112 Italis,
1369 1056 1662 1114 Burgundiam
1682 1061 1805 1099 acute

311 1118 428 1160 adiit.
487 1118 703 1159 Teutones
733 1132 789 1158 ex
818 1131 903 1158 una
931 1122 1064 1172 parte,
1096 1130 1151 1157 ex
1180 1114 1312 1157 altera
1340 1113 1688 1169 archiepiscopus
1715 1112 1805 1154 Me-

312 1173 569 1216 diolanensis
586 1172 840 1215 Heribertus
871 1178 913 1214 et
942 1172 1098 1214 caeteri
1117 1170 1255 1213 Italici
1284 1170 1415 1212 ductu
1430 1169 1618 1226 Huperti
1637 1168 1804 1210 comitis

311 1230 365 1272 de
394 1229 647 1285 Burgundia
685 1244 736 1270 us
769 1243 822 1270 ue
852 1227 1110 1269 Rhodanum
1144 1227 1325 1268 fluvium
1356 1229 1658 1267 convenerunt.
1715 1225 1804 1265 Au—

311 1292 465 1342 gustus
504 1285 679 1327 veniens
717 1299 742 1326 a
813 1283 1139 1326 Grenevensema
1169 1283 1396 1335 civitatem,
1429 1280 1663 1323 Geroldum
1691 1279 1806 1336 prin-

313 1342 454 1397 cipem
484 1342 671 1397 regionis
701 1340 813 1382 illius
861 1346 903 1382 et
942 1340 1314 1395 archiepiscopum
1344 1337 1709 1393 Lugdunensem²
1745 1341 1806 1378 at-

312 1412 396 1454 que
426 1396 531 1439 alios
563 1411 692 1462 quam
720 1395 865 1452 plures
895 1395 999 1438 sube
1031 1396 1080 1450 it3
1112 1401 1153 1437 et
1180 1409 1397 1447 reversus,
1419 1399 1606 1435 castrum
1619 1391 1805 1446 Marah,

312 1468 411 1496 cum
439 1453 679 1495 fortissimis
700 1451 906 1494 militibus
925 1453 995 1495 Ou
1027 1452 1118 1493 onis
1138 1451 1361 1503 munitum,
1383 1449 1584 1491 obsidens
1622 1448 1667 1490 vi
1693 1447 1808 1503 cepit

313 1516 355 1551 et
398 1524 505 1565 quos
547 1510 662 1550 intus
706 1509 927 1550 invenerat
971 1508 1164 1563 captivos
1209 1506 1345 1548 duxit.
1411 1504 1580 1547 Caeteri
1617 1503 1804 1546 fautores

314 1565 511 1607 Oudonis
540 1565 622 1606 hoc
660 1564 880 1606 audientes
920 1563 1009 1605 solo
1038 1563 1190 1605 timore
1221 1562 1402 1604 caesaris
1431 1561 1668 1616 fugierunt3
1699 1573 1807 1616 quos

345 1626 563 1663 ersecutus
595 1635 752 1674 caesar,
784 1620 954 1662 omnino
986 1619 1286 1661 exterminavit
1306 1618 1358 1659 de
1379 1631 1525 1673 regno,
1556 1622 1599 1659 et
1617 1629 1719 1658 acce
1752 1615 1806 1658 tis

345 1692 366 1719 e
396 1676 663 1733 principibus
694 1675 971 1732 Burgundiae
998 1674 1141 1716 multis
1173 1674 1407 1726 obsidibus,
1436 1673 1563 1716 rediit
1590 1686 1668 1728 per
1686 1630 1792 1713 Alsa

315 1733 419 1775 tiam
448 1733 531 1774 adc
561 1733 885 1788 imperatricem.
943 1731 1055 1773 Nam
1084 1730 1187 1772 dum
1217 1730 1286 1772 ille
1315 1730 1361 1770 in
1389 1728 1685 1785 Burgundiam
1746 1742 1808 1770 er-

317 1795 458 1845 geret‚
488 1788 763 1843 *imperatrix
807 1793 954 1830 secuta
992 1793 1056 1829 est
1095 1801 1192 1828 eum
1236 1800 1371 1842 usque
1415 1783 1642 1826 Basileam.
1723 1782 1807 1826 nde

317 1859 488 1887 reversa
525 1844 581 1886 ad
610 1843 890 1899 Argentinarn
921 1844 1150 1896 civitatem,
1191 1842 1435 1898 expectavit
1461 1840 1649 1882 reditum
1676 1839 1736 1880 im
1769 1854 1810 1882 e-

314 1901 482 1943 ratoris.
539 1900 605 1941 Eo
635 1906 826 1956 tempore
862 1898 950 1940 filia
987 1899 1256 1955 imperatoris
1288 1896 1533 1940 Ohuonradi
1568 1902 1609 1938 et
1639 1895 1743 1938 Grise
1760 1909 1810 1937 ae

315 1956 598 2012 imperatricis
614 1955 850 1998 Mahthilda
862 1956 894 2008 d,
929 1955 1085 1996 nimiae
1115 1954 1390 1995 formositatis
1419 1951 1574 2008 puella,
1604 1951 1808 1994 Heinrico

314 2013 406 2110 regli
449 2013 715 2054 Francorum
758 2012 1037 2067 desponsata,
1082 2010 1187 2053 obiit
1225 2010 1512 2063 Wormafiae,
1555 2007 1702 2065 ibique
1745 2021 1808 2050 se-

315 2083 375 2124 pu
392 2074 436 2109 ta
465 2073 539 2109 est.

358 2174 427 2216 33.
487 2172 642 2225 Quod
671 2187 766 2214 rex
794 2171 1104 2213 Heinricus
1142 2169 1366 2212 Sclavos
1408 2168 1766 2223 subiugavit³.

428 2240 616 2293 Interea,
658 2240 761 2281 dum
789 2239 894 2282 haec
926 2253 1034 2296 quae
1065 2239 1260 2295 superius
1290 2237 1406 2279 dicta
1444 2242 1541 2278 sunt
1577 2236 1810 2301 imperator

316 2298 361 2338 in
388 2296 644 2351 Burgundia
671 2295 841 2349 faceret,
871 2294 983 2336 filius
1015 2310 1116 2337 suus
1133 2294 1364 2336 Heinricus
1385 2307 1475 2345 reX,
1504 2291 1604 2334 licet
1632 2307 1678 2334 m
1705 2307 1808 2349 pue-

315 2352 467 2394 rilibus
497 2353 632 2406 annis,
662 2366 748 2393 non
778 2366 823 2393 se
854 2351 951 2392 nius
972 2351 1034 2392 rei
1054 2350 1250 2407 publicae
1271 2348 1508 2391 consuluit4
1536 2348 1582 2388 in
1601 2347 1809 2391 Bohemia

316 2415 359 2451 et
386 2408 432 2449 in
461 2408 637 2450 caeteris
666 2408 830 2464 regioni
861 2422 911 2449 us
941 2407 1214 2460 Sclavorum3
1248 2406 1324 2448 ubi
1354 2411 1396 2447 et
1423 2402 1703 2446 Uodalricum
1732 2403 1808 2447 du-

315 2479 409 2506 cem
437 2463 670 2506 Bohemiae
707 2471 749 2506 et
786 2462 973 2519 reliquos
1014 2477 1143 2519 quam
1171 2461 1312 2518 plures
1344 2460 1505 2502 caesari
1533 2459 1808 2504 adversantes

315 2527 515 2562 strennue
545 2520 810 2575 subiugavit,
842 2525 883 2561 et
917 2518 1113 2562 redeunti
1149 2518 1260 2574 patri
1281 2531 1526 2570 occurrens⁷
1563 2515 1616 2558 de
1645 2515 1808 2574 duplici

315 2655 347 2680 M
369 2655 400 2681 th
416 2615 465 2681 lg)
499 2616 715 2681 Ge2novensem
739 2617 764 2642 1.
855 2613 886 2649 b)
916 2615 1024 2641 Min-at
1047 2617 1073 2641 1.
1190 2613 1217 2648 c)
1247 2614 1320 2639 deest
1343 2614 1369 2640 1.
1471 2610 1501 2645 d)
1523 2611 1673 2639 Mahtilda
1693 2613 1807 2648 lma„-

349 2661 368 2680 a
403 2656 413 2681 i
451 2662 469 2681 a
490 2657 516 2681 1.
560 2673 568 2681 .

441 2717 477 2762 1)
512 2718 552 2751 V.
571 2729 682 2761 supra
704 2730 744 2761 p.
772 2718 817 2750 28
844 2730 880 2752 rn.
899 2719 932 2751 3.
1010 2716 1047 2761 2)
1076 2717 1338 2752 Burokardum.
1416 2715 1454 2760 3)
1482 2714 1535 2759 ΟΥ.
1560 2727 1651 2760 quae
1675 2717 1720 2752 de
1745 2717 1808 2752 hoc

315 2766 442 2809 capite,
469 2767 529 2799 ubi
558 2766 654 2809 Wipo
675 2768 788 2809 plane
813 2767 957 2810 confuse
982 2767 1025 2799 de
1052 2766 1147 2799 bellis
1167 2765 1336 2799 Sclavicis
1364 2766 1444 2810 aqit,
1473 2765 1670 2808 disputavit
1695 2765 1806 2800 Waicz

314 2815 353 2848 in
384 2815 634 2858 Forschunyen
671 2826 736 2848 zur
770 2815 958 2849 deutschen
990 2814 1190 2848 Gesckickte
1226 2814 1309 2856 VII,
1334 2826 1376 2858 p.
1405 2815 1476 2847 389
1499 2825 1573 2858 sqq.
1649 2815 1687 2858 4)
1713 2813 1804 2850 Sall.

318 2863 392 2898 Cat.
420 2876 448 2897 c.
476 2865 542 2896 37:
570 2865 621 2896 rei
647 2864 813 2907 publicae
843 2864 1074 2898 consuluisse.
