1864 3250
396 240 603 275 WIPONIS
631 238 788 274 GESTA
815 237 1106 272 CHUONRADI
1132 236 1231 270 IMP.
1518 236 1565 268 45

67 355 274 412 Sequenti
301 354 372 397 die
401 368 500 395 cum
529 350 705 394 morbus
741 349 877 393 letalis
910 350 1189 394 vehementer
1217 349 1449 402 insisteret,
1487 348 1564 388 im-
1582 363 1667 389 1039.

63 412 322 469 peratricem
350 424 449 452 cum
478 407 566 450 filio
594 422 696 464 rege
725 406 781 449 ad
811 407 1038 463 prandium
1066 406 1185 448 exire
1214 404 1335 447 iubet
1364 404 1417 446 de
1448 403 1688 447 cubi-¹¹¹¹¹·⁴·

66 466 176 510 culo.
234 467 403 510 Interea
430 466 663 521 imperator
690 463 820 506 finem
849 462 932 505 sibi
951 463 1175 504 imminere
1196 462 1382 503 sentiens
1395 470 1422 514 1,
1456 461 1569 503 sicut

65 525 112 566 in
138 523 229 566 vita
257 537 398 576 sanus,
426 522 473 562 in
503 526 603 563 actu
630 534 801 576 semper
824 524 1024 560 constans
1055 524 1098 560 et
1127 525 1356 560 strennuus
1386 517 1477 571 fuit,
1507 518 1569 559 ita

65 579 112 621 in
141 579 345 622 extremis
385 576 491 619 nihil
529 576 735 633 segnioris
773 574 874 617 fidei
909 575 1163 631 permansit,
1208 580 1250 616 et
1284 574 1449 615 vocatis
1481 573 1567 629 epi-

66 635 222 692 scopis,
253 649 409 691 corpus
442 640 485 675 et
515 633 767 688 sanguinem
788 631 968 673 Domini
989 638 1031 674 et
1060 644 1231 673 crucem
1252 636 1442 672 sanctam
1465 644 1562 671 cum

65 690 258 757 reliquiis
303 697 547 732 sanctorum
586 688 806 744 apportari
849 687 1021 730 fecerat.
1081 687 1139 729 Et
1178 687 1347 742 erigens
1389 701 1435 728 se
1467 700 1566 727 cum

66 746 256 789 lacrimis
298 745 423 789 valde
467 744 730 798 affectuosis,
773 745 819 785 in
863 743 1129 786 confessione
1165 756 1276 798 pura
1305 748 1347 784 et
1377 742 1567 784 oratione

66 803 250 858 intenta,
300 809 544 845 sanctorum
589 800 934 842 communionem
978 807 1056 842 aca
1099 804 1377 855 peccatorum
1419 798 1567 840 remis-

67 859 232 902 sionem
261 858 536 901 devotissime
566 857 795 912 accipiens,
835 856 1097 912 imperatrici
1126 861 1169 897 et
1196 854 1284 896 filio
1314 856 1407 911 regi
1436 854 1569 896 Hein-

66 915 157 957 rico
185 915 312 972 postb
342 914 430 956 fida
458 913 621 956 monita
652 912 917 967 valedicens,
956 928 1013 954 ex
1040 911 1122 954 hac
1150 912 1240 953 vita
1268 911 1472 966 migravit
1501 911 1569 953 2⁰

66 970 178 1014 Non.
208 971 334 1024 Iunii,
364 970 496 1013 feriad
527 971 566 1023 2,
596 970 829 1011 indictione
860 969 898 1011 7.
957 969 1138 1010 Viscera
1161 968 1431 1023 imperatoris
1452 965 1568 1022 apud

66 1027 312 1070 Traiectum
351 1026 525 1068 condita
567 1031 687 1079 sunt,
733 1031 774 1067 et
811 1040 889 1067 rex
922 1024 1064 1066 locum
1101 1023 1345 1080 sepulturae
1375 1023 1498 1065 donis
1529 1028 1571 1064 et

66 1083 257 1141 praediis
277 1082 513 1138 ampliavit.
573 1080 801 1137 Reliquum
832 1096 989 1137 corpus
1018 1080 1074 1122 ab
1104 1080 1378 1136 imperatrice
1410 1086 1452 1122 et
1480 1077 1568 1120 filio

66 1154 182 1196 rege,
211 1146 261 1181 ut
290 1139 449 1195 optime
480 1138 716 1194 excogitari
736 1143 916 1193 poterat,
946 1136 1183 1179 involutum
1215 1142 1257 1178 et
1285 1136 1569 1188 reconditum,

67 1210 206 1252 usque
234 1194 523 1251 Agrippinam
555 1193 778 1236 Coloniam
815 1199 1010 1246 vectum,
1050 1207 1128 1249 per
1165 1198 1320 1234 cuncta
1361 1191 1571 1234 coenobia

66 1250 180 1294 illius
211 1251 395 1294 civitatis
423 1257 551 1306 atque
579 1250 828 1305 Moguntiae
859 1264 935 1291 seu
964 1249 1230 1292 Wormatiae
1274 1249 1364 1290 sive
1400 1247 1570 1290 illorum

69 1322 180 1366 quae
209 1308 255 1349 in
274 1306 416 1349 medio
437 1306 630 1360 fuerant,
663 1306 780 1347 omni
808 1304 969 1362 populo
1000 1312 1204 1362 sequente
1234 1310 1276 1347 et
1305 1311 1468 1358 orante,
1500 1303 1570 1345 de-

66 1370 303 1422 portatum,
352 1361 594 1404 incredibili
647 1363 837 1403 oratione
881 1367 923 1404 et
965 1361 1161 1417 magnise
1206 1359 1448 1403 elemosinis
1491 1373 1570 1415 pro

66 1419 363 1476 redemptione
392 1420 559 1461 animae
587 1418 725 1471 factis,
755 1418 970 1460 tricesima
998 1417 1176 1460 octavaf
1206 1431 1291 1473 qua
1311 1416 1572 1459 obdormivit

68 1476 139 1519 die
168 1478 214 1518 in
244 1476 372 1532 Spira
402 1476 593 1528 civitate,
625 1488 755 1530 quam
784 1475 879 1530 ipse
908 1474 1161 1530 imperator,
1203 1474 1315 1515 sicut
1348 1479 1391 1515 et
1454 1479 1573 1514 ostea

68 1531 200 1586 filius,
236 1531 418 1573 multum
466 1530 732 1584 sublimavit,
777 1529 1011 1572 honorifice
1052 1528 1266 1585 sepultum
1297 1536 1371 1572 est.
1474 1536 1572 1571 amg

69 1589 250 1645 gratiam
282 1586 540 1630 Chuonrado
570 1587 818 1642 imperatori
842 1586 963 1629 Deus
993 1585 1173 1639 addidit,
1205 1585 1320 1642 quod
1349 1599 1437 1627 non
1465 1585 1573 1627 vidi-

70 1659 167 1686 mus
196 1659 337 1701 neque
366 1644 610 1686 audivimus
640 1648 781 1684 tantas
811 1641 1134 1684 lamentationes
1163 1642 1480 1695 universorum,
1510 1645 1574 1682 tot

71 1701 298 1754 orationes,
329 1699 434 1742 tales
457 1698 711 1742 elemosinas
741 1698 870 1740 alicui
899 1700 1219 1755 imperatorum,
1252 1712 1432 1755 corpore
1462 1698 1573 1739 inse-

70 1756 205 1814 pulto,
234 1757 383 1798 factas.
441 1756 499 1798 Et
528 1756 640 1797 sicut
667 1756 951 1811 percepimus,
982 1754 1190 1797 referente
1220 1754 1425 1810 episcopo
1442 1753 1573 1796 Hein-

70 1813 160 1855 rico
189 1812 458 1855 Lausanensi
487 1825 585 1853 cum
615 1812 793 1854 caeteris
823 1810 1229 1868 Burgundionibus,
1266 1811 1341 1867 qui
1368 1809 1490 1852 illum
1520 1809 1573 1852 de

73 1868 197 1912 obitu
237 1884 374 1926 usque
418 1867 712 1925 sepulturamh
763 1868 983 1924 prosecuti
1027 1872 1174 1920 sunt²‚
1226 1865 1339 1908 filius
1389 1866 1574 1908 caesaris

73 1925 304 1967 Heinricus
341 1940 420 1967 rex
458 1923 511 1966 ad
554 1938 700 1966 omnes
730 1924 927 1966 introitus
958 1923 1251 1976 ecclesiarum,
1281 1929 1324 1965 et
1351 1922 1407 1964 ad
1437 1927 1575 1964 extre-

72 1995 193 2023 mum
221 1981 278 2023 ad
298 1980 561 2038 sepulturam
584 1980 785 2022 humeros
806 1994 905 2022 suos
926 1980 1095 2035 corpori
1114 1979 1248 2035 patris
1268 1978 1379 2021 ultra
1398 1977 1574 2020 modum

73 2036 225 2080 humili
254 2037 480 2080 devotione
521 2037 765 2093 supposuit,
807 2042 848 2079 et
886 2050 973 2078 non
1007 2034 1144 2077 solum
1175 2034 1293 2091 quod
1320 2034 1432 2077 filius
1462 2034 1576 2090 patri

72 2094 118 2135 in
155 2093 340 2136 karitate
383 2093 592 2149 perfecta,
644 2091 720 2134 sed
769 2092 883 2148 quod
927 2106 1074 2134 servus
1121 2091 1293 2133 domino
1333 2091 1379 2132 in
1420 2092 1576 2134 timore

76 2156 222 2192 sancto
265 2149 411 2203 debet,
455 2148 538 2190 hoc
580 2154 717 2191 totum
753 2163 832 2190 rex
874 2148 987 2205 patri
1026 2147 1227 2190 defuncto
1265 2147 1576 2190 studiosissime

77 2205 286 2249 exhibuit.

188 2262 311 2304 Haec
349 2261 402 2304 de
441 2261 710 2326 imperatoris
742 2258 990 2303 Chuonradi
1025 2260 1159 2316 gestis
1190 2258 1377 2302 breviter
1406 2259 1489 2301 scri
1525 2258 1577 2300 si—

76 2332 188 2372 mus,
219 2317 272 2361 de
302 2317 457 2375 quibus
478 2332 515 2359 si
536 2317 766 2373 quicquam
786 2317 993 2358 intactum
1016 2315 1189 2357 omnino
1210 2315 1465 2369 dimisimus,
1491 2273 1577 2357 lioe

78 2374 319 2416 inauditum
349 2388 442 2416 esse
471 2387 498 2414 a
525 2371 650 2415 nobis
681 2373 892 2415 credatur.
954 2371 1001 2414 Si
1030 2377 1173 2414 autem
1194 2370 1358 2428 aliquid
1379 2371 1577 2424 strictius,

80 2444 211 2487 quam
226 2445 367 2473 rerum
382 2444 454 2471 ma
517 2428 635 2471 'tudo
652 2444 697 2471 se
718 2427 980 2482 extenderet,
1002 2427 1164 2469 dictum
1185 2434 1261 2482 est,
1282 2426 1389 2469 illud
1403 2432 1580 2484 propter

79 2486 427 2531 commoditatem
471 2485 636 2542 egentis
673 2484 835 2527 factum
864 2499 978 2538 esse,
1021 2484 1234 2527 veraciter
1269 2482 1578 2526 attestabimur.

198 2600 229 2635 a)
249 2602 288 2628 ad
309 2609 383 2627 corr.
405 2608 441 2627 ac
464 2602 497 2633 13
520 2601 559 2627 ad
580 2601 607 2627 2.
668 2600 702 2635 b)
724 2600 766 2625 ita
782 2599 893 2632 Zwecz.‚·
914 2605 971 2631 per
992 2599 1020 2625 1.
1043 2599 1069 2624 2.
1137 2596 1165 2631 c)
1189 2598 1237 2625 11.
1260 2598 1287 2623 2.
1348 2595 1380 2630 d)
1403 2596 1528 2629 imperii
1551 2595 1578 2621 1.

81 2639 111 2676 e)
142 2642 263 2674 magnis
283 2641 315 2666 in
335 2641 465 2673 margine
486 2640 528 2666 al.
559 2640 661 2666 multis
684 2641 712 2667 2.
794 2638 819 2672 f)
843 2641 953 2665 octava
979 2638 1056 2664 deese
1086 2638 1120 2670 13
1141 2636 1179 2670 cf.
1202 2637 1385 2667 mambrem,
1409 2636 1507 2662 Geso-h.
1529 2635 1580 2660 der

80 2681 230 2707 anauahen
252 2680 408 2706 Kaiserzeic
430 2679 470 2710 II,
493 2679 561 2707 837.
651 2677 683 2712 g)
705 2679 748 2705 ica
769 2678 931 2710 emendavi;
952 2684 1026 2704 nam
1050 2678 1076 2704 1.
1100 2677 1127 2702 2.
1219 2675 1252 2710 h)
1275 2676 1469 2709 sepulturam
1489 2680 1580 2707 neque

81 2721 273 2754 sepulturam
295 2720 397 2746 dmm
420 2721 446 2746 1.

207 2797 244 2839 1)
283 2793 374 2828 Sall.
406 2794 489 2838 Juy.
516 2806 545 2828 c,
577 2795 618 2827 9:
667 2804 746 2827 cum
784 2793 854 2827 sibi
891 2792 999 2826 finem
1041 2793 1138 2825 vitae
1178 2791 1306 2825 adesse
1346 2790 1579 2833 intelligeret.

84 2845 122 2889 2)
154 2844 194 2880 V.
220 2855 335 2888 supra
354 2856 397 2887 p.
423 2844 470 2876 33
496 2854 532 2876 n.
564 2844 596 2876 1.
