1864 3250
284 273 330 306 80
656 272 933 306 CANTILENA
959 272 1011 304 IN
1036 272 1315 306 HEINRICUM
1341 273 1411 306 ΙΙΙ.

453 384 700 440 imperatori
729 389 874 424 nostro
909 383 1072 438 poscite
1103 383 1346 438 Ouonrad0‚

456 441 639 482 christ0¹
658 439 756 491 vDei
786 438 939 481 eleeto!

344 521 409 563 10.
457 520 572 562 Laus
602 521 656 561 sit
685 519 797 575 Regi
827 518 1079 571 seculorum,

453 577 584 629 Patri,
614 576 725 618 Nato
806 612 811 615 r
838 575 1066 616 Pneumati
1095 580 1255 629 saneto,

453 633 523 674 cui
553 631 632 674 soli
661 636 806 673 manet
833 631 1075 687 imperium,

453 689 589 730 honor
619 694 660 730 et
687 694 890 744 potestas,

455 759 584 801 quem
614 743 864 799 angelorum
892 741 1040 785 laudes

454 800 630 843 laudant
658 801 738 842 rite
767 814 845 855 per
874 799 1022 841 evum!

1146 743 1385 785 bonoruma
1415 747 1457 784 et
1484 755 1613 784 voces

287 1038 630 1082 CANTILENA
659 1039 722 1081 IN
752 1037 1113 1082 HEINRICUMI
1136 1037 1194 1079 II.
1223 1035 1388 1079 ANNO
1421 1037 1542 1079 1028.
1572 1036 1783 1080 REGEM

839 1105 1225 1150 CORONATUM.

1139 1188 1185 1229 ui
1213 1186 1327 1229 solus
1356 1186 1401 1227 in
1430 1201 1558 1229 evum

429 1192 465 1232 1.
512 1189 550 1232 O
580 1189 676 1230 Rex
704 1203 749 1230 re
782 1203 853 1229 um

750 1203 779 1244 g
858 1220 868 1242 ⁷
1158 1243 1367 1285 einrieum
1394 1241 1520 1285 nobis

509 1259 663 1301 regnas
693 1245 739 1285 in
769 1244 884 1297 celis,

184 2618 270 2644 1027.

107 2656 198 2685 Mart.
221 2658 269 2684 26.

511 1316 633 1343 serva
661 1301 706 1342 in
734 1301 857 1342 terris

426 1383 465 1425 2.
509 1381 650 1434 Quem
679 1380 855 1424 voluisti

510 1444 553 1480 et
581 1438 778 1480 coronari

509 1508 639 1535 manu
668 1493 879 1548 Piligrimi

625 1549 956 1592 ORex....

426 1632 465 1674 3.
511 1631 653 1683 Quem
681 1630 865 1672 Romani

510 1687 647 1729 clerus
677 1692 719 1728 et
747 1685 933 1742 populus

509 1751 607 1800 post
638 1741 915 1785 cuonradum

623 1799 959 1842 ORex....

425 1882 465 1923 4.
509 1881 606 1934 Dic,
637 1878 774 1932 Italia,

510 1950 607 1978 cum
639 1935 883 1986 Germania,

509 1992 653 2034 ‘Vivat
682 1989 935 2034 Cuonradus

622 2047 660 2090 O
691 2048 787 2089 Rex
817 2079 826 2089 .
859 2078 869 2088 .
901 2079 909 2088 .
943 2078 952 2087 .

423 2129 463 2170 5.
507 2129 626 2185 Agni
654 2134 702 2169 ut
732 2133 915 2183 sponsa²

509 2185 694 2227 servari⁰
724 2197 800 2225 suo

507 2241 604 2283 Deo
635 2246 780 2282 eterno

623 2296 956 2339 ORex....

426 2377 465 2419 6.
512 2376 715 2419 Gaudent
744 2389 892 2417 omnes

510 2447 632 2475 senes
664 2439 706 2474 et
733 2432 923 2484 iuvenes,

509 2494 660 2545 regnat
690 2486 944 2530 cuonradus

624 2543 956 2586 ORex....

426 2623 465 2665 7.
507 2624 607 2678 Die,
639 2638 725 2680 qua
755 2623 940 2665 surrexit

510 2680 632 2736 regni
660 2679 953 2722 monarchiam

383 2768 413 2804 a)
446 2770 556 2796 horum
576 2771 637 2797 cod.
649 2778 660 2803 ,-
691 2769 847 2795 emendavit
870 2766 954 2800 Jaffe'.

285 2810 442 2836 emendavit
463 2807 550 2842 Jaffe'.

386 2872 422 2917 1)
450 2872 576 2907 christo
595 2886 642 2901 =
659 2876 773 2906 uncto.
798 2871 903 2914 Jaffe'.

1055 2765 1087 2800 b)
1119 2765 1316 2798 Aquasgraui
1336 2765 1395 2794 cod.

1110 1300 1165 1343 ab
1195 1298 1404 1340 inimicis!

1107 1380 1187 1422 tibi
1215 1378 1411 1421 benedici

1111 1435 1167 1477 ad
1196 1434 1501 1491 AqUaSgranib

1104 1490 1286 1548 presulis
1316 1490 1445 1532 archi.

1106 1633 1234 1683 atque
1263 1626 1339 1668 fidi
1367 1626 1538 1680 Franci,

1114 1683 1283 1726 Christo
1314 1682 1480 1725 dicatus

1113 1739 1319 1796 adoptant
1348 1738 1564 1781 domnum.

1114 1876 1196 1930 dic,
1225 1876 1299 1932 pia
1330 1873 1470 1917 Gallia

1114 1932 1211 1974 Deo
1241 1931 1407 1984 devota,

1115 1995 1242 2045 atque
1270 1986 1532 2029 Heinrieus!'

1111 2138 1219 2180 paee
1251 2124 1394 2180 quieta

1110 2179 1253 2222 valeat
1282 2192 1438 2236 sponso

1110 2237 1211 2279 vivo
1243 2243 1284 2279 et
1312 2235 1434 2278 vero!

1110 2372 1268 2415 Christi
1296 2370 1456 2425 fideles,

1111 2434 1280 2480 matres,
1309 2426 1512 2469 infantes:

1109 2491 1237 2541 atque
1266 2483 1508 2526 Heinrieus.

1109 2622 1183 2677 qui
1211 2617 1422 2661 mundum
1450 2617 1645 2672 redemit,

1108 2677 1275 2732 aceepit
1309 2680 1500 2717 sanctam

1496 2763 1524 2798 e)
1557 2771 1680 2791 servare
1699 2764 1760 2791 eod.
1767 2771 1780 2797 ,-

1005 2870 1043 2914 2)
1068 2869 1108 2903 id
1134 2873 1183 2904 est
1210 2867 1338 2903 Christi
1363 2867 1518 2902 ecclesia.
1545 2866 1651 2910 Jaffd.
