1864 3250
405 231 617 268 WIPONIS
646 231 802 266 GESTA
829 230 1118 265 CHUONRADI
1138 230 1239 263 IMP.
1526 230 1572 263 4⁷

74 357 128 393 20
158 344 412 389 Praeclaraa
450 344 564 386 fama
602 349 702 401 post
740 350 919 386 mortem

157 457 254 501 Rex
281 457 416 511 Deus,
445 457 567 498 vivos
596 462 715 499 tuere

212 582 383 638 Regum
413 580 620 637 sanguine
654 580 838 636 genitus,

159 693 381 738 Gloriosus
410 694 454 734 in
483 706 679 749 persona,

158 806 405 863 Sceptrum,
448 819 652 861 regnum,
695 803 924 861 imperium

73 929 125 965 25
157 918 265 961 Rem
295 916 513 974 publicam
543 917 800 970 honestavit,

156 974 252 1017 Rex
280 975 415 1028 Deus,
445 974 566 1016 vivos
596 980 714 1016 tuere

214 1099 448 1155 Postquam
483 1096 665 1153 replevit
694 1097 923 1139 Franciam

158 1210 375 1267 Mitigavit
407 1208 670 1251 Alamannos

159 1322 404 1366 Saxonibus
435 1328 478 1364 et
504 1321 672 1364 Noricis

75 1390 127 1426 30
157 1379 279 1422 Vidit
309 1393 388 1421 sua
416 1377 631 1434 magnalia

157 1436 252 1479 Rex
282 1435 416 1489 Deus,
446 1435 565 1477 vivos
596 1441 714 1477 tuere

215 1561 352 1602 Roma
382 1559 564 1602 subiecit
593 1574 638 1602 se
668 1558 855 1615 primum

157 1672 340 1730 Experti
369 1678 468 1713 sunt
495 1671 767 1713 Ravennates

159 1727 409 1772 Sentiebant
441 1728 734 1770 Veronensesl

77 1795 126 1830 35
159 1785 372 1842 Hesperia
401 1799 445 1826 se
475 1783 697 1848 postravit,

157 1841 252 1884 Rex
280 1841 415 1895 Deus,
444 1854 567 1882 v1vos
598 1846 716 1881 tuere

213 1965 426 2008 Reversus
455 1962 755 2006 Alamanniam

161 2022 303 2075 Quam
333 2021 394 2063 sic
425 2020 651 2077 dissipavit
680 2033 838 2073 caesar,

161 2133 322 2177 Omnes
353 2132 480 2175 simul
509 2133 727 2189 perierunt

78 2258 129 2292 4ο
160 2247 219 2291 Et
247 2247 363 2290 cives
392 2245 749 2303 praestantissimi

160 2304 255 2346 Rex
286 2303 417 2358 Deus,
447 2303 568 2345 vivos
598 2308 717 2344 tuere

219 2427 289 2470 Nil
318 2432 507 2469 moratus
541 2427 784 2482 imperator,

197 2578 227 2614 a)
260 2582 290 2606 et
321 2578 482 2612 praeclara
505 2578 533 2605 3.

78 2619 110 2654 d)
133 2619 236 2647 obstan·
259 2621 284 2647 1.

655 2578 688 2613 b)
719 2578 763 2604 hic
789 2577 895 2610 finitur
920 2583 1034 2602 carmen
1062 2576 1094 2602 in
1122 2575 1149 2602 3.
1174 2576 1202 2603 4.

364 2617 393 2652 e)
415 2618 447 2644 in
467 2618 596 2650 marqine
617 2618 659 2644 al.
681 2619 753 2644 sunt
774 2617 892 2643 exulati
916 2617 941 2645 2.

1009 342 1122 385 vitae
1138 348 1325 399 praestet
1338 341 1454 383 hunc
1475 355 1572 383 con-

1209 397 1387 439 sortem!

1013 460 1054 497 et
1071 453 1285 497 defunctis
1315 453 1542 495 miserereb
1559 452 1567 493 !

1011 593 1158 620 omnes
1220 576 1438 643 praecellit
1501 591 1572 635 pe-

1221 640 1360 687 mtus,

1012 689 1192 748 pulcher
1237 704 1314 732 sua
1360 688 1466 731 subc
1505 703 1571 731 co-

1230 760 1356 799 rona,

1008 801 1114 845 nulli
1171 808 1262 845 erat
1317 801 1414 858 plus
1474 815 1571 843 con-

1207 873 1384 915 gruum:

1008 915 1133 958 huius
1177 929 1308 957 causa
1347 912 1571 957 laboravit.

1009 978 1050 1015 et
1079 971 1292 1014 defunctis
1323 969 1542 1012 miserere!

1009 1111 1087 1154 per
1158 1097 1276 1153 pacis
1354 1094 1573 1137 abundan-

1226 1152 1351 1205 tiam,

1011 1214 1054 1251 et
1091 1223 1238 1251 omnes
1278 1207 1401 1263 regni
1430 1212 1573 1263 tyran·

1243 1277 1341 1317 nos,

1011 1320 1216 1377 imposuit
1262 1320 1409 1361 fiaena
1453 1317 1572 1375 legis,

1014 1375 1248 1434 probabilis
1277 1375 1413 1418 Italia.

1012 1439 1054 1476 et
1084 1432 1298 1476 defunctis
1328 1430 1550 1474 miserere!

1013 1573 1038 1600 a
1097 1571 1263 1600 summo
1326 1571 1463 1613 usque
1518 1554 1574 1597 ad

1218 1627 1376 1667 lmum,

1010 1671 1055 1711 in
1091 1668 1201 1712 bello
1241 1683 1318 1711 suo
1356 1668 1572 1726 primates,

1009 1726 1159 1768 invicti
1203 1727 1386 1767 caesaris
1431 1738 1573 1778 enses,

1008 1782 1236 1839 imperanti
1266 1780 1538 1838 supplicavit.

1010 1844 1051 1881 et
1080 1838 1293 1881 defunctis
1323 1836 1542 1879 miserere!

1012 1964 1234 2005 invenerat
1270 1960 1573 2017 calumpniam.

1009 2026 1057 2061 ut
1142 2024 1294 2061 ventus
1386 2016 1573 2074 pulveris

1197 2075 1331 2117 instar
1345 2074 1377 2128 ἃ,

1016 2132 1091 2188 qui
1149 2130 1424 2188 praedatores
1485 2128 1574 2171 fue-

1236 2193 1356 2239 runt,

1014 2243 1176 2285 idcirco
1206 2242 1309 2284 facti
1338 2241 1541 2284 exulariss.

1012 2304 1053 2342 et
1082 2299 1294 2341 defunctis
1323 2297 1544 2340 miserere!

1015 2422 1134 2480 pacis
1161 2421 1421 2479 ubicumque
1438 2421 1572 2476 dator,

1327 2573 1353 2608 e)
1384 2574 1439 2600 sub
1469 2580 1526 2600 sua
1548 2574 1574 2602 2.

205 2737 240 2781 1)
280 2737 335 2771 De
374 2737 542 2771 seditione
579 2736 767 2771 Veronensi
803 2746 914 2779 neque
951 2747 973 2768 a
1015 2733 1157 2778 Wipone
1191 2744 1303 2778 neque
1342 2743 1366 2765 a
1399 2742 1576 2775 quoquam

80 2788 150 2822 alio
175 2786 343 2832 scriptore
373 2786 561 2830 quicquam
594 2790 776 2818 narratur.
832 2785 928 2818 Num
962 2783 1174 2818 Veronenses
1202 2787 1233 2817 et
1259 2781 1468 2815 Parmenses
1496 2791 1574 2814 con-

68 2835 174 2882 fudit
197 2842 315 2870 ‘noster
326 2835 341 2868 ἷῑ
