1864 3250
195 370 283 399 1025.

141 589 194 626 Ἰ).
217 592 285 619 264.

295 245 342 277 24
623 244 832 278 WIPONIS
861 244 1015 278 GESTA
1042 244 1330 279 CHUONRADI
1355 245 1456 278 IMP.

295 355 531 398 secundum
562 355 813 397 Heinricum
855 356 1174 411 imperatorem,
1219 355 1354 398 filium
1391 356 1546 399 sororis
1584 370 1699 411 suae,
1737 357 1784 400 in

295 426 478 467 regnum
506 411 719 465 invitavit,
761 425 944 467 eumque
973 417 1072 467 post
1099 412 1232 453 vitam
1261 427 1383 454 suam
1412 427 1558 467 regem
1586 412 1783 469 Burgun-

297 467 391 509 diae
423 466 685 522 designavit,
732 473 774 509 et
840 467 1024 522 rincipes
1065 468 1189 522 regni
1226 469 1364 510 iurare
1403 466 1485 509 sibi
1512 467 1654 510 fecit¹.
1712 468 1782 511 Ad

299 537 427 578 quam
470 537 559 563 rem
605 537 800 564 commen
833 522 989 564 andam
1031 523 1261 578 imperator
1302 523 1532 566 Heinricus
1573 524 1783 566 infinitam

297 578 526 633 pecuniam
569 592 696 633 saepe
740 586 781 621 et
826 578 1072 634 saepissime
1106 579 1405 635 *consumpsit
1466 578 1554 622 Sed
1584 578 1784 623 defuneto

296 635 354 675 im
390 639 554 676 eratore
580 633 797 688 Heinrico,
828 633 1062 676 Ruodolfus
1091 649 1169 677 rex
1197 636 1408 692 promissa
1438 649 1516 677 sua
1543 635 1664 678 irrita
1690 636 1785 678 fieri

297 704 350 732 vo
369 690 444 731 uit.
496 688 779 732 Chuonradus
800 696 942 732 autem
972 705 1051 733 rex
1079 692 1217 746 magis
1248 706 1404 747 augere
1435 706 1564 747 quam
1592 692 1785 734 minuere

296 760 477 802 regnum
520 746 729 798 intentus,
779 747 1059 788 antecessoris
1105 747 1171 788 sui
1213 746 1381 790 labores
1424 752 1582 790 metere
1626 748 1785 802 volens,

298 801 515 844 Basileam
546 801 628 843 sibi
663 803 930 858 subiugavit,
976 808 1023 844 ut
1061 803 1434 856 animadverteret,
1475 802 1537 844 sia
1565 817 1645 844 rex
1671 803 1784 845 Ruo-

297 857 435 899 dolfus
464 859 674 913 promissa
703 857 950 901 attenderet.
1010 858 1128 910 Quos
1157 865 1306 915 postea
1336 857 1482 901 Gisela
1507 859 1668 915 regina,
1698 857 1787 901 filia

295 914 452 956 sororis
481 914 616 969 ipsius
646 915 758 970 regis
787 913 998 968 Ruodolfi,
1028 914 1137 957 bene
1166 915 1412 972 pacificavit
1424 922 1454 956 ².

540 1030 579 1072 9.
637 1030 713 1072 De
742 1030 1013 1073 Bolizlaob
1044 1030 1175 1072 duce
1207 1030 1540 1073 Sclavorum.

409 1097 575 1141 Eodem
605 1112 716 1140 anno
760 1113 886 1156 quem
925 1113 1056 1156 supra
1084 1099 1326 1141 notavimus
1356 1098 1595 1141 Bolizlaus0
1626 1098 1785 1143 sclavi-

297 1168 419 1209 gena,
452 1154 542 1196 dux
570 1154 843 1209 Bolanorum,
882 1155 1067 1211 insignia
1095 1154 1256 1210 regalia
1287 1162 1328 1197 et
1356 1155 1526 1211 regium
1555 1169 1709 1197 nomen
1739 1157 1785 1198 in

296 1210 495 1251 iniuriam
539 1211 653 1266 regis
695 1209 941 1253 Chuonradi
984 1210 1067 1252 sibi
1110 1211 1294 1267 aptavit,
1340 1212 1461 1252 cuius
1504 1211 1785 1254 temeritatem

298 1265 410 1307 citod
439 1281 553 1308 mors
583 1267 819 1309 exinanivit
830 1275 860 1308 ³.
919 1265 1056 1308 Filius
1095 1274 1237 1309 autem
1278 1267 1367 1309 eius
1396 1267 1549 1309 Misico
1590 1266 1787 1310 simfliter

297 1321 480 1376 rebellis,
511 1322 686 1364 fratrem
708 1337 831 1365 suum
849 1322 1063 1377 Ottonem,
1096 1324 1295 1380 quoniam
1324 1323 1438 1379 regis
1458 1322 1649 1379 partibus
1670 1324 1786 1366 fave-

296 1376 392 1430 bat,
422 1379 468 1419 in
496 1378 725 1420 Ruzziame
768 1379 1033 1435 provinciam
1070 1378 1245 1435 pepulit.
1306 1379 1496 1432 Qualiter
1539 1393 1639 1421 vero
1677 1379 1785 1422 eius-

297 1433 396 1475 dem
423 1434 643 1476 Misiconis
682 1436 1001 1490 protervitatem
1041 1441 1082 1477 et
1122 1435 1369 1477 cuiusdamf
1412 1433 1626 1477 Uodahici
1662 1434 1785 1478 ducis

294 1488 529 1585 {30hemiae
559 1491 782 1546 perfidiam
812 1506 890 1534 rex
920 1491 1204 1533 Chuonradus
1233 1498 1383 1547 postea
1412 1497 1712 1548 compesceret,
1740 1491 1787 1534 in

312 1559 389 1587 oco
421 1561 497 1588 suo
529 1546 709 1589 dieamg.

351 1660 415 1703 10.
474 1660 555 1704 De
599 1662 907 1706 inimicitia
939 1664 1098 1761 {nter
1140 1677 1324 1719 regem
1368 1669 1417 1705 et
1458 1662 1744 1705 Ernestum

976 1733 1140 1761 ucem.

407 1785 573 1828 Eodem
603 1791 807 1842 tempore,
838 1788 958 1830 hoste
989 1788 1107 1843 pacis
1138 1787 1307 1830 diabolo
1328 1787 1545 1841 suadente,
1575 1787 1787 1830 Ernestus

295 1840 384 1882 dux
426 1840 729 1897 Alamanniae,
777 1843 956 1886 Ohuono
1003 1844 1093 1885 dux
1136 1844 1361 1897 Franciae,
1406 1843 1648 1885 Fridericus
1694 1843 1785 1886 dux

296 1896 716 1953 Liutharingorum4,
754 1913 852 1941 cum
891 1899 984 1941 aliis
1020 1898 1234 1956 plerisque
1264 1905 1410 1941 contra
1438 1914 1583 1955 regem
1616 1898 1786 1941 Chuon-

293 1952 445 1994 radum
476 1961 795 2009 consenserunt,
826 1961 868 1997 et
895 1955 1028 1997 multa
1056 1954 1314 2009 molientes⁵,
1345 1955 1500 1998 multas
1529 1955 1786 1998 munitiones

294 2009 339 2049 in
370 2023 539 2051 cassum
567 2017 883 2067 praeparanteS,
914 2010 1020 2052 nihil
1048 2012 1131 2053 nisi
1162 2010 1447 2054 calamitatem
1465 2011 1651 2053 futuram
1672 2026 1785 2054 assc-

295 2065 382 2107 cuti
411 2071 526 2119 sunt3
606 2081 683 2108 uos
724 2081 869 2109 omnes
899 2082 976 2110 rex
1008 2065 1287 2109 Chuonradus
1316 2068 1438 2123 parvi
1499 2067 1674 2121 endens,
1704 2067 1786 2110 iter

295 2134 418 2162 suum
447 2122 492 2162 in
521 2122 587 2164 Ita
606 2122 688 2164 ‘am
726 2137 824 2165 cum
865 2123 998 2179 copiis
1038 2123 1277 2166 destinavit.
1336 2123 1423 2166 Sed
1487 2137 1548 2165 ux
1577 2123 1786 2165 Ernestus

293 2175 508 2219 humiliter
543 2178 624 2220 iter
652 2179 742 2220 eius
772 2185 1023 2235 prosecutus
1068 2194 1203 2236 usque
1234 2178 1474 2236 Augustam
1503 2177 1786 2233 Vindelicam,

294 2233 536 2275 interventu
566 2236 713 2276 matris
744 2250 846 2277 suae
881 2235 1055 2291 reginae
1087 2243 1128 2278 et
1156 2235 1296 2277 fratris
1326 2236 1392 2278 sui
1421 2235 1615 2277 Heinrici
1643 2233 1785 2277 adhuc

294 2288 463 2353 parvuli
493 2289 760 2347 aliorumque
790 2291 1047 2347 principum,
1078 2291 1259 2334 multum
1288 2298 1520 2334 rennuente
1556 2305 1670 2348 rege,
1708 2290 1785 2334 vix

293 2360 339 2387 1n
367 2346 548 2402 gratiam
580 2347 669 2389 eius
699 2353 898 2404 receptus
928 2353 1002 2390 est.

412 2453 443 2489 a)
475 2462 515 2481 an
538 2456 564 2481 2.
664 2454 696 2488 b)
729 2456 874 2482 Bolihlao
907 2456 940 2488 ις
970 2456 1109 2482 Bolislao
1134 2456 1160 2483 2.
1271 2454 1299 2488 c)
1330 2455 1491 2482 Bolihlaus
1514 2457 1546 2488 13
1578 2455 1735 2482 Bolislaus
1757 2456 1785 2484 8.

294 2491 325 2527 d)
348 2494 408 2520 cita
430 2495 457 2520 2.
540 2493 568 2528 e)
590 2495 743 2521 Ruhhiam
766 2497 794 2522 1.
818 2496 845 2522 2.
926 2494 950 2529 f)
975 2495 1095 2521 cuidam
1118 2496 1144 2522 1.
1227 2494 1258 2529 g)
1281 2496 1362 2521 dieto
1385 2497 1411 2522 1.

419 2581 456 2625 1)
483 2594 516 2616 a.
547 2583 652 2616 1016.
680 2588 711 2616 et
739 2583 850 2626 1018;
877 2595 910 2617 v.
944 2582 1089 2618 Thieem.
1116 2583 1198 2624 VII,
1220 2584 1286 2626 20;
1321 2582 1426 2624 VIII,
1446 2583 1480 2617 5.
1550 2581 1588 2626 2)
1615 2593 1648 2616 a.
1670 2582 1785 2626 10273

294 2629 375 2664 vide
401 2631 500 2674 infra
526 2642 552 2664 c.
574 2632 632 2664 21.
722 2631 761 2675 3)
788 2632 856 2665 Die
885 2633 940 2665 17.
967 2644 1011 2666 m.
1039 2631 1140 2665 Iunii
1168 2633 1273 2665 1025.
1301 2636 1458 2665 mortuus
1484 2636 1546 2665 est.
1634 2632 1674 2671 4)
1700 2630 1782 2664 Fri-

294 2679 451 2713 alericum
477 2691 590 2722 supra
611 2680 706 2723 Wipo
731 2681 898 2714 ‘narravit
911 2681 1052 2714 Kamba
1076 2681 1292 2724 impacatum
1318 2680 1514 2715 discessisse
1523 2693 1535 2721 ,·
1567 2678 1686 2723 itaque
1710 2691 1786 2714 non

295 2728 357 2762 hoc
376 2728 534 2771 primum
560 2734 712 2771 tempore
746 2728 1023 2763 coniurationem
1055 2729 1275 2764 moliebatur.
1377 2729 1414 2774 5)
1455 2727 1509 2773 Cf.
1533 2728 1635 2772 infra
1660 2740 1690 2762 c.
1716 2728 1784 2763 27:

294 2777 406 2810 multa
445 2778 625 2820 cogitans,
665 2777 776 2811 multa
810 2779 971 2812 moliens.
1035 2779 1094 2812 Eae
1129 2778 1216 2814 Sall.
1253 2778 1328 2813 Cat.
1365 2791 1393 2813 c.
1426 2779 1491 2812 27:
1530 2777 1642 2811 multa
1677 2777 1784 2812 simul

292 2826 421 2859 moliri.
