1864 3250
403 270 614 304 WIPONIS
643 269 797 304 GESTA
825 269 1113 314 CHUONRADI
1140 269 1239 302 IMP.
1521 270 1564 301 13

67 381 124 425 ad
153 381 365 425 deteriora
392 382 540 436 trahit,
571 382 633 423 sic
661 382 706 423 in
737 381 935 424 secundis
955 380 1134 423 honesta
1162 379 1403 422 iucunditas
1432 380 1565 422 homi·
1582 398 1670 425 1024.

67 452 167 480 nem
197 437 254 481 ad
280 437 458 480 meliora
487 437 627 492 ducit3
674 444 715 480 et
749 452 901 494 parum
934 436 1049 479 valet
1075 436 1240 478 fructus
1268 442 1445 491 partaea
1475 435 1564 478 feli-

69 494 224 549 citatis,
342 495 387 536 ui
425 493 647 536 moderata
684 493 900 536 alacritate
938 507 1024 534 non
1061 492 1200 548 pascit
1228 492 1419 534 animum
1448 491 1564 535 labo-

67 550 214 593 rantis.
355 564 407 592 oc
450 549 578 591 modo
623 550 753 591 animi
802 550 887 591 mei
934 549 1128 604 vigorem
1177 548 1344 604 magnis
1393 548 1564 604 gaudiis

67 606 219 662 augeri
260 606 420 659 sentio,
467 606 612 663 quodb
653 604 708 647 ex
743 612 862 648 tanta
899 605 1104 646 concione
1147 618 1381 646 consensus
1419 604 1564 660 parilis

68 663 261 704 omnium
288 677 367 704 nos
397 661 506 704 duos
545 661 812 704 solummodo
842 659 1134 718 praevidebat,
1171 674 1352 716 quorum
1383 660 1562 702 alterum

66 732 113 760 re
146 717 203 760 ali
230 717 404 774 fastigio
433 717 606 760 locaret.
663 717 814 774 Neque
855 717 969 759 enim
1003 717 1228 758 aestimare
1258 716 1464 759 debemus
1494 717 1564 758 vel

65 733 290 818 noffiilitate
317 772 388 818 vel
417 773 578 816 divitiis
607 774 876 831 propinquos
905 778 1074 814 nostros
1102 772 1367 827 antecedere,
1398 780 1472 815 aut
1491 772 1563 814 ali-

67 830 172 887 quid
213 845 293 873 nos
338 831 623 887 promeruisse
666 835 785 872 tanta
826 829 1102 871 veneratione
1146 828 1339 884 dignum.
1407 828 1564 871 Verbis

64 886 266 930 inanibus
279 894 296 915 ⁰
324 901 411 929 non
441 893 608 942 oportet
627 885 851 940 extollere3
880 886 1062 927 maiores
1082 886 1217 927 nostri
1236 883 1418 941 gloriam
1440 899 1562 926 suam

65 942 189 986 factis
219 956 348 1000 quam
379 942 505 984 dictis
539 942 722 999 prodere
751 941 1032 983 maluerunt1.

348 997 579 1041 Communi
616 999 706 1040 vita
736 1005 956 1040 contentos
987 1012 1082 1039 esse
1112 996 1280 1039 decebit

95 1053 278 1098 uoslibet
305 1055 416 1096 inter
444 1054 656 1111 aequales.
717 1054 934 1110 Quicquid
970 1060 1113 1096 autem
1153 1053 1198 1095 id
1235 1059 1318 1106 est,
1362 1052 1477 1109 quod
1506 1052 1562 1094 ad

107 1109 228 1167 iquid
276 1109 506 1152 habiliores
559 1109 734 1166 reliquis
783 1117 1008 1167 putamur,
1056 1108 1157 1151 inde
1206 1115 1348 1164 grates
1396 1110 1562 1150 auctori

62 1165 281 1208 Dominod
309 1166 553 1208 reddamus.
612 1165 748 1208 Nobis
793 1181 838 1208 er
870 1181 894 1207 o
925 1165 1204 1222 cogitandum
1244 1170 1328 1218 est,
1372 1180 1444 1219 ne,
1488 1165 1561 1222 qui

63 1221 204 1265 aliena
232 1222 512 1264 consensione
542 1222 660 1288 digni
694 1229 812 1265 tanto
839 1181 1001 1264 {onore
1031 1221 1243 1263 aestimati
1272 1235 1434 1275 sumus,
1464 1235 1561 1277 pro-

62 1278 158 1335 prio
178 1283 221 1321 et
235 1277 432 1321 familiari
453 1278 632 1320 dissidio
652 1278 818 1335 indigni
834 1278 914 1320 hac
934 1279 1072 1335 gratia
1091 1277 1326 1320 videamur.
1373 1276 1560 1320 Stultum

65 1341 131 1378 est
159 1335 272 1376 enim
303 1333 443 1377 aliena
471 1341 682 1391 potestate
717 1349 798 1391 pro
839 1349 916 1377 sua
953 1335 1133 1376 nimium
1172 1334 1304 1376 abuti.
1362 1334 1414 1375 In
1444 1334 1560 1376 omni

63 1389 269 1433 electione
299 1391 459 1433 nemini
496 1390 596 1434 licet
632 1390 685 1433 de
722 1406 767 1434 se
803 1391 899 1447 ipso
935 1390 1147 1445 iudicare3
1193 1389 1293 1432 licet
1331 1396 1476 1432 autem
1507 1389 1560 1432 de

63 1445 160 1489 alio.
211 1447 377 1500 Quodsi
395 1446 526 1489 alicui
547 1447 600 1490 de
622 1462 666 1489 se
686 1447 847 1501 liceret,
879 1453 983 1503 quot
1002 1446 1186 1503 regulos,
1217 1460 1303 1487 non
1334 1452 1405 1487 ute
1435 1460 1559 1502 reges

63 1501 218 1557 dicam,
247 1502 521 1546 videremus?
578 1503 676 1546 Non
710 1510 802 1547 erat
829 1510 1000 1545 nostrae
1031 1503 1253 1560 potestatis
1283 1502 1394 1544 hanc
1423 1502 1560 1558 digni-

61 1564 193 1601 tatem
223 1573 280 1601 ex
315 1559 460 1601 multis
497 1560 608 1602 inter
642 1559 766 1602 binos
796 1566 1026 1602 coarctare.
1089 1559 1219 1612 Vota,
1258 1558 1420 1612 studia,
1462 1573 1559 1600 con-

61 1629 212 1657 sensus
240 1615 528 1670 Francorum,
566 1615 965 1671 Liutharingorum,
1008 1616 1252 1666 Saxonum,
1290 1614 1559 1668 Noricorum,

60 1669 413 1725 Alamannorum,
444 1672 597 1728 quamf
624 1673 829 1728 optimam
848 1671 1114 1714 voluntatem
1133 1669 1362 1724 habebant,
1393 1670 1449 1712 ad
1479 1685 1558 1712 nos

61 1726 355 1780 conferebant,
393 1734 612 1784 tamquam
650 1727 706 1770 ad
746 1730 873 1770 unius
909 1729 985 1770 stir
1016 1729 1052 1769 is
1089 1727 1384 1784 propaginem,
1424 1726 1558 1769 veluti

60 1782 117 1825 ad
154 1797 285 1825 unam
322 1783 518 1837 domum,
564 1785 674 1827 sicut
716 1784 773 1826 ad
816 1783 977 1826 indisso
995 1783 1156 1826 ubilem
1199 1782 1550 1836 familiaritatem3

61 1853 170 1896 quos
207 1854 264 1882 ex
299 1845 388 1881 tam
417 1839 562 1882 multis
601 1840 741 1882 causis
780 1855 997 1883 connexos
1038 1839 1215 1882 dissolvi
1250 1853 1378 1895 posse
1417 1839 1556 1881 inimi-

60 1895 183 1950 citiis,
212 1910 339 1938 nemo
369 1897 670 1952 suspicabitur.

292 1951 564 1995 Concordare
594 1952 717 1995 decet
746 1958 955 2009 quotquot
983 1958 1136 1995 natura
1164 1950 1329 2006 ligavit,

394 2007 515 2061 Quae
546 2008 624 2051 sibi
656 2014 882 2063 cognatam
911 2009 1054 2065 iungit
1081 2008 1328 2050 amicitiam.

60 2062 227 2116 Quodsi
255 2062 367 2106 ultro
397 2063 540 2107 oblata
573 2064 627 2106 ab
667 2063 762 2106 aliis
797 2064 942 2122 aliqua
977 2080 1022 2107 re
1051 2063 1311 2120 impediente
1341 2063 1554 2117 reicimus,

57 2118 140 2162 hoc
170 2125 236 2162 est
265 2121 302 2162 si
329 2120 513 2163 invicem
544 2120 852 2175 discordamus,
939 2127 1101 2163 certum
1122 2122 1211 2162 *est
1231 2119 1348 2176 quod
1367 2118 1618 2176 populus·p.
1641 2133 1711 2160 259.

57 2180 160 2218 tunc
189 2174 293 2218 velit
319 2190 398 2218 nos
429 2175 623 2219 deserere
709 2191 759 2219 ac
777 2179 951 2220 tertium
972 2175 1206 2234 quemlibet
1226 2174 1309 2218 sibi
1330 2190 1553 2232 quaerere3

59 2236 101 2274 et
129 2245 207 2273 nos
240 2246 326 2274 non
365 2239 529 2274 tantum
569 2247 736 2275 summo
780 2232 940 2276 honore
984 2231 1273 2289 privabimur,
1318 2232 1395 2274 sed
1438 2231 1555 2288 quod

59 2286 256 2330 omnibus
283 2287 408 2331 bonis
438 2296 575 2331 morte
610 2288 902 2332 detestabilius
942 2296 1023 2343 est,
1061 2290 1106 2330 in
1134 2288 1319 2330 famame
1357 2288 1554 2344 ignaviae

59 2349 102 2386 et
128 2343 316 2386 invidiae
345 2344 597 2400 incidemus,
628 2345 752 2401 quasi
782 2352 823 2388 et
852 2346 958 2387 tanti
989 2345 1210 2401 regiminis
1240 2344 1441 2386 virtutem
1467 2358 1556 2386 non

57 2399 299 2456 possimush
345 2401 576 2455 sustinere,
620 2407 663 2444 et
699 2400 805 2443 alter
843 2401 1038 2455 alterius,
1070 2400 1205 2458 quodi
1235 2400 1346 2442 inter
1376 2414 1554 2442 consan-

119 2455 238 2498 ineos
281 2470 486 2513 magnum
528 2457 647 2500 nefas
692 2472 784 2500 esse
829 2464 953 2514 put0,
1003 2457 1156 2500 cedere
1204 2456 1337 2498 nolitk
1386 2456 1552 2498 honori.

105 2512 275 2554 aximus
294 2513 426 2568 igitur
453 2514 600 2568 honor,
631 2528 799 2555 summa
828 2520 1017 2579 potestas
1049 2513 1162 2555 circa
1190 2527 1269 2555 nos
1299 2511 1441 2554 adhuc
1460 2527 1553 2555 ver-

58 2566 243 2622 sabitur,
290 2574 333 2610 et
374 2569 434 2611 ita
476 2569 531 2612 ad
561 2584 638 2612 nos
669 2575 882 2626 pervenit,
927 2575 986 2624 ut,
1017 2570 1054 2612 si
1083 2568 1287 2622 velimus,
1331 2569 1376 2610 in
1418 2567 1552 2611 altero

175 2689 206 2723 a)
228 2696 342 2723 parcae
365 2691 391 2716 1.
471 2689 503 2723 b)
536 2693 566 2717 et
587 2693 613 2718 1.
695 2692 722 2726 e)
749 2692 851 2718 verbis
879 2692 1022 2718 manibus
1053 2693 1079 2720 1.
1101 2692 1135 2725 23
1177 2691 1334 2717 emendavit
1367 2691 1551 2718 Gieeebrechc.

56 2727 88 2763 d)
107 2729 174 2755 Deo
197 2731 225 2756 2.
306 2728 336 2763 e)
358 2730 497 2762 regulos,
528 2737 567 2756 ne
588 2737 676 2762 reges
698 2732 728 2758 2.
822 2731 845 2765 f)
865 2732 918 2764 qui
941 2732 968 2759 2.
1056 2731 1087 2765 g)
1119 2731 1248 2757 infamia
1271 2731 1302 2762 1;
1333 2730 1495 2756 infamiam
1518 2731 1552 2763 23

55 2769 213 2795 emendavit
234 2769 310 2802 May.
399 2768 430 2803 h)
453 2775 616 2801 possumus
639 2772 665 2798 1.
745 2769 770 2804 i)
791 2771 865 2803 quid
888 2773 914 2798 1.
994 2770 1028 2806 k)
1049 2771 1134 2797 nolle
1156 2772 1192 2803 13
1214 2770 1307 2796 nollit
1329 2771 1355 2796 2.

181 2865 218 2910 1)
246 2865 336 2902 Sall.
361 2865 435 2901 Oat.
463 2878 492 2901 c.
516 2867 558 2900 8:
586 2871 751 2911 optumus
778 2869 927 2913 quisque
951 2869 1073 2902 faeere
1100 2879 1206 2912 quam
1234 2868 1354 2902 dicere
1382 2868 1551 2902 malebat.
