1864 3250
406 259 617 294 WIPONIS
646 259 800 293 GESTA
828 258 1117 292 OHUONRADI
1142 259 1240 292 IMP.
1551 261 1573 293 9

74 370 284 428 possedit5
319 370 580 427 Argentinae
610 370 772 413 civitati
802 369 1098 414 Werinharius
1129 371 1357 426 episcopus
1387 370 1574 426 praefuit

74 441 321 483 generosus,
378 427 424 468 in
443 426 600 468 divinis
622 433 664 468 et
684 426 948 470 secularibus
970 425 1122 468 officiis
1143 425 1378 480 studiosus3
1410 426 1572 469 Wirze·

74 483 282 539 burgensi
325 481 531 524 ecclesiae
575 482 730 525 insedit
765 481 1002 524 Mazelinus
1015 489 1045 536 ¹¹,
1089 482 1260 538 sapiens
1296 488 1338 524 et
1365 483 1410 524 in
1440 481 1572 526 eccle-

72 539 259 581 siasticis
296 537 578 594 dignitatibus
616 538 777 593 fidelis3
825 538 1227 593 Pabenbergensem
1276 539 1572 595 episcopatum

73 594 350 638 Eberhardus
389 595 513 647 rexit,
553 595 719 650 primus
757 610 780 636 e
814 595 986 650 iscopus
1020 593 1132 636 illius
1165 593 1385 649 ecclesiae,
1414 595 1481 637 vir
1510 595 1572 636 in-

73 650 200 707 genio
245 656 287 693 et
328 650 522 693 moribus
589 651 652 693 rei
694 651 782 707 pub
801 651 893 692 icae
932 649 1058 692 valde
1096 651 1386 705 necessarius3
1461 651 1573 693 Con-

72 707 315 749 standensis
359 705 564 750 ecclesiae
612 706 784 763 praesul
827 712 917 748 erat
951 706 1130 760 Heimo,
1203 707 1270 749 vir
1313 707 1483 762 sapiens
1527 708 1573 749 in

72 762 169 805 Deo
181 762 214 817 ¹¹,
270 761 491 805 modestus
531 769 573 805 et
604 762 811 820 providus
842 762 897 804 ad
927 761 1138 816 seculum3
1184 761 1427 818 Augustam
1464 763 1570 805 Vin-

73 817 255 861 delicam
283 818 463 875 regebat
482 820 714 875 episcopus
733 819 894 872 Bruno,
923 818 1055 860 frater
1071 818 1264 860 Heinrici
1284 819 1568 875 imperatoris,

70 873 186 916 utilis
215 881 258 917 et
286 874 425 917 clarus
445 875 617 931 ingenio
630 884 659 930 ⁰,
717 876 754 917 si
782 875 968 917 fraterno
1002 874 1144 927 *odio,
1204 889 1288 931 quo
1319 875 1569 931 imperatori

71 929 230 983 oberat,
247 945 333 973 non
349 931 669 986 obscuraretur3
700 932 986 973 Iuvavensem
1003 930 1238 985 ecclesiam,
1257 945 1387 987 quam
1401 930 1569 988 vulgari

71 1001 266 1029 sermone
291 986 494 1030 Salzburc
521 987 681 1039 dicunt,
711 988 824 1030 rexit
843 987 982 1030 bonae
1002 987 1260 1029 memoriae¹
1294 986 1568 1030 Cantherusd

70 1042 441 1099 archiepiscopus,
480 1044 610 1086 frater
646 1043 925 1086 Ekkehardie
966 1049 1007 1085 et
1035 1043 1291 1085 Herimanni
1321 1044 1525 1086 comitum
1539 1051 1567 1098 ²,

69 1098 185 1141 mitis
214 1104 257 1141 et
284 1097 423 1141 bonus
453 1099 570 1155 apud
589 1100 735 1142 Deum
764 1106 807 1141 et
836 1098 1050 1153 homines3
1081 1099 1405 1155 Ratisponensis
1436 1099 1569 1143 eccle-

67 1154 159 1197 siae
188 1170 212 1197 e
243 1155 418 1211 iscopus
448 1161 539 1197 erat
559 1154 871 1198 Kebehardusf
897 1154 1221 1198 benevolentiae
1240 1156 1379 1212 gratia
1399 1157 1568 1212 conspi-

70 1224 196 1265 cuus3
212 1169 359 1253 liu-isin
391 1226 536 1253 ensem
559 1211 784 1254 ecclesiam
804 1211 983 1267 regebat
1002 1210 1297 1267 Eigilbertusg
1324 1212 1567 1268 episcopus,

68 1266 274 1323 providus
313 1282 371 1323 gu
404 1273 572 1310 emator
617 1267 719 1309 cleri
759 1274 801 1310 et
869 1266 987 1324 opuli
1026 1268 1105 1309 sui.
1165 1266 1277 1309 Cum
1315 1268 1409 1310 istis
1444 1267 1568 1310 multi

67 1321 142 1364 alii
170 1323 394 1379 pontifices
423 1330 465 1366 et
494 1324 672 1366 abbates
693 1339 749 1366 ex
769 1284 922 1366 iiscfem
937 1322 1186 1379 regionibus
1207 1324 1398 1378 aderant,
1430 1325 1567 1381 quosh

69 1378 261 1435 singulos
288 1380 509 1422 nominare
541 1380 681 1436 operis
703 1380 920 1422 fastidium
940 1386 1117 1435 generat
1128 1386 1157 1421 ³.
1209 1379 1424 1422 Saxoniae
1445 1395 1567 1436 prae-

67 1433 203 1489 sules,
248 1436 450 1492 quoniam
493 1451 562 1478 me
597 1435 742 1478 latuiti
781 1436 885 1493 quid
924 1435 976 1478 de
1015 1436 1105 1478 vita
1142 1450 1290 1478 eorum
1319 1435 1566 1478 nominibus

67 1490 267 1534 adicerek
307 1492 597 1547 conveniretl,
637 1506 873 1534 memorare
910 1493 1064 1545 vitavi,
1111 1506 1371 1549 quamquam
1411 1499 1453 1535 et
1493 1508 1567 1535 eos

67 1547 246 1589 summis
275 1547 404 1590 rebus
433 1547 642 1602 adessem,
683 1547 921 1602 consulere,
961 1562 1210 1591 succurrere
1247 1548 1398 1604 procul
1434 1548 1566 1591 dubio

67 1605 348 1660 perceperim.
406 1603 575 1646 Italiam
613 1610 805 1658 transeo,
843 1609 964 1646 cuius
993 1605 1211 1661 principes
1240 1605 1285 1646 in
1314 1605 1437 1648 brevi
1468 1620 1566 1647 con·

67 1659 213 1702 venire
241 1659 297 1701 ad
326 1660 489 1716 regiam
519 1660 769 1703 electionem
790 1661 1091 1717 nequiverunt3
1124 1661 1197 1717 qui
1217 1662 1493 1717 postmodum
1521 1662 1568 1703 in

68 1715 175 1758 urbe
206 1714 523 1758 constantiensi
553 1731 650 1758 cum
680 1717 1003 1773 archiepiscopo
1034 1715 1371 1758 Mediolanensin
1402 1724 1444 1760 et
1472 1716 1568 1760 reli-

64 1771 164 1868 guis
209 1772 347 1828 princi
380 1772 478 1814 ibus
526 1779 798 1815 occurrentes
838 1773 953 1828 regi,
1003 1773 1069 1814 sui
1107 1773 1248 1815 effecti
1289 1780 1388 1816 sunt
1446 1780 1489 1816 et
1527 1774 1566 1815 ei

98 1826 315 1870 delitatem
369 1828 500 1871 ibenti
535 1829 678 1870 animo
719 1830 967 1871 iuraverunt
978 1835 1006 1870 ⁴.
1065 1829 1214 1871 Duces
1245 1835 1388 1872 autem
1419 1845 1566 1886 supra-

64 1882 191 1926 dictis
210 1884 312 1926 viris
339 1885 711 1941 contemporanei⁰
742 1886 786 1927 hi
814 1885 1000 1927 fuerant:
1050 1885 1200 1927 Benno
1223 1885 1314 1927 dux
1336 1885 1566 1940 Saxoniae,

66 1938 283 1982 Adalbero
322 1940 413 1982 dux
453 1941 658 1995 Histriae,
703 1941 909 1983 Hezzilol’
949 1942 1039 1983 dux
1073 1941 1319 1996 Baioariae,
1357 1942 1565 1985 Ernestus

1588 387 1675 416 1024.

1583 888 1630 924 ’μ
1653 891 1720 920 257.

65 1993 158 2037 dux
194 1995 498 2050 Alamanniae,
537 1997 916 2053 Liutharingorum
952 1997 1043 2039 dux
1078 1997 1323 2039 Fridericus
1340 2005 1368 2052 ⁵,
1405 1998 1565 2041 Ribua-
1625 2016 1629 2039 ξ

65 2051 226 2094 riorum
257 2051 348 2093 dux
379 2052 574 2107 Cozeloq,
605 2052 784 2095 Chuono
814 2053 1142 2096 Wormatiensis
1164 2053 1254 2095 dux
1283 2055 1563 2110 Francorum,

65 2106 345 2150 Uodalricus‘
386 2109 476 2152 dux
514 2108 758 2151 Bohemiae.
818 2108 1071 2165 Burgundia
1108 2110 1222 2152 enim
1258 2110 1451 2152 nondum
1481 2111 1565 2153 Ro-

184 2191 215 2226 a)
236 2193 278 2218 ita
289 2193 450 2226 Zweclem.;
470 2194 671 2220 Marcellinus
688 2196 718 2226 13
738 2193 937 2228 (Macelinus)
950 2195 1137 2221 Marcelinus
1151 2196 1179 2222 2.
1240 2194 1272 2228 b)
1296 2196 1328 2221 in
1342 2196 1410 2222 Deo
1422 2196 1524 2222 desum
1538 2197 1567 2223 1.

63 2230 95 2264 c)
134 2232 168 2258 in
197 2238 294 2264 regno
327 2233 419 2259 Zwetl.
520 2232 550 2266 d)
584 2232 760 2259 Guntherus
790 2234 817 2259 2.
919 2232 948 2267 e)
983 2234 1178 2260 Erkenhardi
1199 2234 1307 2267 Zwetl.;
1338 2236 1511 2261 Eberhardi
1530 2236 1565 2268 ¹3

65 2270 237 2297 Eberhardi
268 2270 358 2305 (allas
387 2271 530 2305 Eccardi)
566 2273 592 2298 2.
634 2273 792 2298 Emendavi
819 2280 883 2305 eqo,
914 2273 951 2305 cs.
989 2281 1063 2305 quae
1092 2274 1285 2299 animadverti
1315 2274 1347 2299 in
1382 2275 1564 2300 Jahrbiicher

64 2310 114 2335 des
143 2310 291 2336 deutschen
320 2311 419 2337 Reichs
453 2314 539 2337 unter
568 2312 705 2337 Heinrich
734 2312 774 2342 II,
803 2312 861 2345 III,
879 2319 912 2344 p.
936 2312 993 2338 284
1020 2320 1050 2338 η.
1081 2312 1110 2339 5.
1219 2312 1243 2346 f)
1277 2314 1497 2340 Burckhardus
1531 2316 1565 2347 15

64 2349 261 2376 Burckardus
293 2350 347 2384 (al.
365 2349 581 2383 Kebehardus)
605 2352 638 2383 23
669 2350 870 2378 Gebehardus
892 2352 984 2377 chcl.
1066 2351 1096 2385 g)
1118 2351 1266 2378 Albertus
1290 2354 1321 2385 13
1342 2353 1489 2379 Albertus
1511 2353 1566 2388 (al.

65 2387 245 2420 Aguberms
267 2388 315 2423 2);
340 2390 530 2422 Eigilbertus
550 2391 642 2417 Zwetl.
757 2390 788 2424 h)
822 2392 1001 2423 regionibus
1032 2391 1139 2417 lacuna
1167 2391 1222 2417 hos
1253 2393 1280 2419 1.
1381 2392 1405 2426 i)
1439 2396 1568 2425 generat

64 2428 173 2454 lacuna
201 2435 260 2455 one
281 2429 371 2455 latuit
393 2431 420 2457 1.
501 2428 533 2463 k)
556 2430 702 2456 emendavi
720 2438 786 2463 eqo,·
816 2431 960 2457 addicere
975 2433 1000 2458 l.
1013 2431 1041 2457 2.
1115 2429 1138 2464 l)
1163 2432 1344 2458 convenerit
1362 2433 1388 2458 1,
1461 2431 1504 2466 m)
1527 2433 1566 2459 ab

67 2474 120 2493 ore
143 2469 172 2493 1.
272 2466 304 2501 n)
333 2469 517 2495 Mediolensi
550 2470 575 2496 l.
677 2468 707 2503 o)
740 2473 770 2496 et
798 2471 994 2502 temporanei
1023 2471 1050 2496 1.
1171 2469 1204 2503 p)
1236 2471 1275 2496 H.
1306 2471 1334 2498 d.
1358 2472 1394 2498 B.
1417 2472 1453 2498 Ε.
1476 2473 1504 2498 d.
1527 2472 1565 2498 A.

63 2507 168 2532 desum
197 2508 230 2539 13
251 2507 373 2533 Hetzilo
404 2509 440 2540 23
470 2508 559 2534 Hezil
580 2509 675 2536 Zwetl.
758 2508 789 2542 q)
816 2510 858 2534 ita
878 2510 990 2543 Zwecl.,·
1013 2509 1126 2536 Corelo
1149 2511 1185 2542 13
1209 2509 1325 2536 Gozelo
1355 2512 1383 2538 2.
1463 2511 1490 2545 r)
1514 2511 1566 2538 Ul-

67 2546 192 2572 dan-icus
216 2548 252 2578 ις
273 2547 436 2573 udalricus
458 2547 488 2573 2.
592 2545 598 2552 ”

190 2609 228 2652 1)
258 2608 350 2642 Obiit
377 2621 470 2643 anno
499 2611 604 2644 1026.
622 2612 665 2644 Ρ.
743 2611 782 2655 2)
810 2611 1059 2646 Marchionum
1073 2611 1319 2647 Misnensium.
1393 2611 1435 2657 3)
1463 2612 1565 2657 Cous.

65 2657 202 2702 Suspic.
232 2657 352 2692 Sever.
395 2657 476 2692 Vita
508 2658 548 2693 S.
575 2660 685 2693 Mart.
721 2662 752 2702 1,
780 2661 820 2693 8:
860 2662 965 2695 simul
1001 2666 1036 2694 et
1069 2662 1274 2705 legentibus
1303 2663 1563 2697 consulendum

64 2707 148 2747 fuit,
186 2718 232 2740 ne
266 2707 362 2751 quod
387 2708 443 2741 his
470 2713 611 2751 pareret
637 2710 743 2752 copia
778 2714 951 2752 congesta
976 2711 1169 2744 fastidium.
1272 2709 1312 2754 4)
1348 2710 1435 2745 Vide
1460 2711 1563 2755 infra

62 2761 172 2798 caput
209 2757 242 2789 7.
357 2757 397 2799 5)
432 2755 637 2791 Fridericus
672 2757 830 2792 nondum
866 2764 942 2792 erat
975 2759 1051 2792 dux
1077 2758 1420 2804 Liutharinyorum5
1452 2766 1562 2803 pater

64 2803 158 2838 enim
190 2804 266 2838 eiua
298 2805 376 2838 dux
416 2805 648 2840 Theodoricus
674 2818 744 2840 non
775 2807 846 2840 nisi
872 2808 907 2841 2.
940 2808 977 2842 d.
1010 2820 1056 2841 m.
1084 2807 1166 2842 Ian.
1193 2820 1228 2842 a.
1259 2809 1366 2843 1027.
1401 2814 1561 2843 mortuus

63 2858 128 2888 eat.
165 2853 203 2887 V.
228 2852 331 2897 infra
356 2866 386 2888 c.
415 2854 472 2887 19.
