1864 3250
414 240 625 275 WIPONIS
653 240 808 274 GESTA
835 240 1124 276 CHUONRADI
1150 243 1250 276 IMP.
1533 243 1580 276 29

83 351 406 408 insequebatur,
451 357 494 394 et
531 351 706 395 insidias
745 353 828 395 sibi
865 358 963 395 ante
997 358 1040 395 et
1068 358 1181 395 retro
1211 353 1411 396 omnibus
1439 354 1580 398 modis
1596 373 1684 401 102⁷.

83 421 111 450 a
142 407 299 464 posuit.
359 407 446 460 Qui
475 407 579 450 dum
609 415 664 450 aa
704 408 889 473 quodam
924 423 1001 450 suo
1033 415 1173 451 castro
1202 409 1350 466 fugere
1379 409 1506 453 vellet
1534 412 1580 453 in

82 421 220 519 aflud,
262 478 290 505 a
324 463 531 506 militibus
567 478 751 507 caesans
790 471 942 521 captus
982 471 1057 507 est.
1117 465 1246 518 Quod
1281 466 1384 508 dum
1414 467 1581 511 audiret

82 519 338 576 imperator,
381 534 479 562 cum
519 535 676 577 magna
715 520 959 563 festinantia
995 521 1272 578 properabat,
1310 523 1371 565 ita
1411 529 1459 565 ut
1490 523 1579 566 fere

83 582 254 619 eentum
296 574 480 618 miliaria
509 575 662 619 Latina
700 577 812 618 intra
850 577 964 619 diem
1003 583 1045 619 et
1080 584 1250 620 noctem
1278 580 1578 635 pertransiret:

82 631 302 688 cogitabat
329 632 465 687 enim,
504 639 553 675 ut
581 647 699 675 more
729 632 852 675 solito
881 633 1063 675 iterumh
1099 634 1310 677 evaderet.
1370 635 1580 679 Veniente

81 701 184 731 vero
214 688 273 730 im
307 693 494 742 eratore,
525 695 824 745 praesentatus
855 696 920 731 est
947 688 1007 730 illi
1036 690 1128 746 ipse
1157 697 1378 746 tyrannus.
1438 692 1579 745 Quem

83 757 182 786 cum
219 744 264 787 vi
296 750 404 799 eret,
446 744 580 787 fertur
616 745 777 787 dixisse
819 746 1070 801 imperator:
1121 746 1285 789 ‘Nonne
1315 753 1380 789 est
1409 747 1479 789 hic
1508 747 1578 791 ille

82 799 169 854 leo,
214 800 288 857 qui
331 801 553 842 devoravit
594 800 753 843 bestias
798 800 977 844 Italiae?
1043 803 1128 844 Per
1171 809 1362 845 sanctam
1407 818 1577 846 crucem

80 855 301 911 Domini⁰‚
331 855 426 899 talis
454 855 521 899 leo
551 871 637 898 non
667 857 863 900 comedet
891 857 1076 914 amplius
1107 858 1160 901 de
1189 874 1301 915 pane
1330 860 1461 901 meo'!
1521 860 1580 902 Et

81 911 163 954 hoc
191 911 352 965 dicens,
383 914 538 967 statim,
570 914 733 955 cunctis
763 914 1030 970 principibus
1059 915 1183 970 regni
1212 915 1574 970 adiudicantibus,

79 969 300 1024 praecepit
327 967 446 1010 illum
475 970 521 1010 in
561 968 802 1026 patibulum
838 970 1056 1027 suspendi.
1116 971 1214 1024 Quo
1244 987 1465 1027 suspenso,
1499 987 1578 1029 per

80 1038 250 1067 omnem
278 1023 394 1066 illam
414 1026 681 1081 provinciam
711 1040 801 1082 pax
830 1032 872 1068 et
901 1028 1108 1069 securitas
1139 1027 1214 1069 diu
1242 1027 1420 1071 latentes
1451 1027 1578 1070 simul

77 1086 350 1123 emerserant.

80 1178 145 1222 19.
204 1179 283 1222 De
321 1180 700 1222 coniuratione
732 1180 1092 1236 quorumdam
1124 1182 1574 1225 Teutonicorum.

189 1247 359 1290 Interea
387 1254 580 1291 morante
608 1249 653 1289 in
682 1248 806 1290 Italia
834 1250 1106 1305 imperatore,
1137 1250 1254 1305 apud
1285 1251 1574 1294 Teutonicosd

75 1317 235 1359 magna
261 1304 439 1359 invidia,
467 1303 601 1346 multa
621 1305 812 1359 consilia,
842 1305 1001 1348 multae
1032 1305 1239 1348 factiones
1259 1306 1467 1349 adversus
1496 1308 1574 1349 im-

76 1365 317 1416 peratorem
353 1361 399 1402 in
438 1375 608 1402 cassum
644 1367 883 1418 eruperant.
942 1362 1003 1404 Ut
1039 1363 1153 1404 enim
1192 1377 1218 1403 a
1246 1364 1484 1406 minoribus
1514 1365 1578 1406 in-

77 1417 117 1458 ci
149 1416 236 1458 iam
265 1422 308 1458 et
335 1416 391 1458 ad
429 1417 611 1458 maiores
642 1418 914 1474 perveniam,
953 1418 1127 1474 quidam
1165 1433 1308 1460 comes
1337 1419 1383 1461 in
1415 1419 1576 1463 suevia

76 1430 218 1514 ffelfe
237 1473 495 1526 nominatus,
525 1472 645 1515 dives
665 1475 709 1515 in
725 1474 925 1530 praediis,
946 1480 1097 1530 potens
1122 1475 1166 1515 in
1186 1476 1330 1530 armis,
1362 1482 1404 1517 et
1423 1476 1573 1519 Bruno

76 1528 306 1585 episcopus
335 1527 641 1584 Augustensis,
672 1530 856 1572 invicem
887 1530 1187 1586 confligentes,
1222 1530 1357 1574 multa
1386 1531 1500 1574 mala
1528 1533 1573 1574 in

74 1583 246 1640 praedis
277 1590 319 1627 et
346 1585 556 1627 incendiis
585 1585 778 1627 fecerunt
805 1587 850 1627 in
878 1601 1024 1642 regno.
1083 1586 1154 1628 Ad
1183 1594 1423 1630 extremum
1452 1604 1574 1645 prae-

76 1639 216 1682 dictus
261 1655 403 1683 comes
447 1641 586 1697 ipsam
615 1641 856 1697 Augustam
900 1643 1162 1699 irrumpens,
1207 1645 1444 1686 aerariumf
1488 1646 1574 1701 epi-

77 1697 198 1753 scopi
226 1696 481 1753 despoliavit
519 1704 560 1739 et
599 1704 733 1740 totam
771 1699 985 1740 civitatem
1014 1699 1221 1754 vastavit3
1268 1700 1384 1756 quod
1456 1708 1574 1743 ostea

76 1758 257 1809 cogente
285 1754 541 1809 imperatore
580 1759 718 1795 totum
753 1755 936 1797 restituit
972 1762 1014 1797 et
1050 1755 1255 1811 episcopo
1286 1771 1410 1799 emen
1442 1758 1572 1799 avit1.

78 1807 258 1852 Chuono
289 1808 380 1851 dux
408 1809 756 1863 Wormatiensis,
797 1810 1002 1866 patruelis
1031 1812 1089 1852 im
1125 1812 1321 1866 eratoris,
1351 1827 1430 1855 nec
1460 1813 1573 1856 fidus

76 1864 338 1921 imperatori,
367 1881 446 1908 nec
476 1872 620 1908 tamen
658 1866 840 1909 multum
879 1868 1036 1909 noxius
1073 1869 1086 1909 i
1121 1869 1156 1922 i,
1202 1868 1371 1910 interim
1402 1870 1573 1925 quietus

76 1921 291 1964 manebat.
347 1922 593 1964 Fridericus
623 1921 714 1964 dux
733 1922 1125 1980 Liutharingorum,
1154 1925 1332 1966 vitricus
1362 1925 1571 1981 praedicti

79 1974 341 2032 chuononis,
368 1977 615 2034 imperatori
643 1978 931 2020 inimicando&
960 1987 1096 2022 morte
1121 1981 1295 2036 propria
1314 1989 1573 2037 praeventus

78 2038 143 2076 est
154 2040 183 2076 ².
232 2033 439 2075 Ernestus
459 2034 551 2076 dux
565 2033 858 2088 Alamanniae,
874 2036 1096 2092 privignus
1115 2038 1173 2078 im
1209 2037 1385 2079 eratoris
1402 2037 1573 2080 Ohuon-

77 2089 184 2143 radi,
213 2104 350 2146 nuper
379 2089 433 2131 ab
465 2105 515 2133 eo
544 2090 765 2133 beneficiis
796 2098 837 2134 et
856 2091 1106 2134 muneribus
1128 2108 1178 2135 su
1210 2091 1406 2135 limatus-¹¹
1438 2093 1573 2137 disce-

79 2143 206 2198 dens,
247 2145 403 2188 iterum
441 2146 671 2201 instigante
709 2146 879 2190 diabolo
915 2147 1188 2192 rebellionem
1224 2149 1499 2203 moliebatur,
1531 2157 1575 2193 et

80 2200 257 2244 consilio
295 2202 578 2258 quorumdam
622 2202 803 2245 militum
843 2218 1017 2246 suorum
1058 2204 1267 2247 Alsatiam
1305 2207 1573 2261 provinciam

79 2258 276 2310 vastavit,
306 2264 350 2300 et
378 2257 551 2300 castella
572 2258 771 2315 Hugonis
801 2260 980 2314 comitis,
1012 2262 1087 2317 qui
1107 2267 1198 2303 erat
1227 2262 1572 2316 consanguineus

79 2313 138 2355 im
171 2314 392 2368 eratoris4,
437 2313 658 2358 desolavit.
715 2315 885 2358 Deinde
931 2330 1089 2372 magno
1138 2317 1332 2359 exercitu
1365 2317 1573 2360 iuvenum

81 2383 132 2411 co
165 2375 269 2424 ecto,
298 2369 596 2426 Burgundiam
630 2372 802 2426 invasit,
846 2378 888 2414 et
925 2371 1035 2415 ultra
1065 2378 1251 2415 castrum
1282 2372 1573 2416 Solodurumll

199 2452 230 2488 a)
262 2461 281 2480 a
308 2455 441 2487 quodam
460 2462 551 2488 usque
572 2462 591 2482 a
611 2455 761 2482 militibus
782 2457 884 2482 desunt
906 2458 933 2484 1.
1033 2455 1066 2490 b)
1098 2459 1254 2484 caeterum
1276 2460 1303 2484 1.
1406 2457 1434 2492 c)
1469 2459 1522 2485 diu
1544 2460 1574 2485 1.

80 2490 112 2526 d)
135 2492 343 2520 Theutonicos
365 2495 392 2521 1.
412 2494 506 2521 Zwetl.
596 2493 627 2529 e)
645 2495 742 2523 Welff
762 2498 787 2523 1.
811 2497 840 2523 2.
928 2494 951 2529 f)
975 2496 1087 2522 atrium
1108 2497 1203 2523 Zwetl.
1286 2496 1318 2530 g)
1340 2498 1523 2524 inimitando
1547 2499 1574 2526 1.

80 2530 115 2566 h)
134 2531 338 2559 Sodomorum
357 2534 450 2561 Zweel.

209 2597 243 2638 1)
290 2595 330 2631 V.
363 2595 527 2630 Historia
571 2598 755 2642 Wefforum
796 2597 1067 2643 Weinqartemis
1103 2611 1130 2633 c.
1159 2601 1192 2633 9.
1223 2600 1281 2634 10.
1384 2598 1423 2643 2)
1462 2599 1575 2634 Errat

89 2643 196 2688 Wipo.
250 2645 331 2678 Non
353 2644 574 2688 Fridcricus,
601 2646 663 2690 qui
687 2658 796 2690 usque
823 2648 872 2681 ad
898 2659 1033 2681 annum
1062 2649 1168 2682 1033.
1195 2654 1372 2692 superstes
1399 2653 1486 2691 erat,
1514 2650 1576 2683 sed

74 2697 184 2736 pater
209 2693 284 2728 eius
315 2693 563 2736 sseodoricm,
601 2706 749 2738 quocum
765 2694 884 2739 filium
910 2697 1014 2730 etiam
1039 2708 1154 2740 awpra
1178 2710 1206 2731 c.
1224 2699 1241 2730 1
1271 2697 1444 2741 confudit,
1482 2709 1574 2732 mor-

82 2746 164 2775 tum
201 2747 251 2776 est
287 2742 497 2786 imperatore
535 2744 573 2777 in
610 2743 723 2777 Italia
761 2745 913 2780 absente,
1027 2746 1067 2789 3)
1104 2745 1262 2779 Abbatia
1289 2746 1573 2790 Oampidmmsi,

81 2801 116 2824 v.
134 2801 248 2834 cupra
265 2802 295 2825 c.
316 2792 374 2825 11.
475 2790 514 2834 4)
540 2792 650 2826 Pater
674 2792 805 2827 Leonis
822 2794 888 2828 IX.
912 2805 1045 2838 papae,
1071 2795 1111 2828 in
1135 2794 1236 2829 cuius
1267 2795 1350 2830 Vita
1375 2807 1399 2829 a
1428 2795 1575 2830 Wiberto

81 2838 215 2883 scripta
238 2839 468 2874 consobrinus
492 2841 714 2884 imperatoria
739 2848 898 2877 vocatur.
