1864 3250
236 383 322 411 1027.

240 1451 328 1478 1028.

191 1502 240 1536 ’μ
262 1503 327 1529 268.

181 1674 256 1709 Apr.
281 1675 327 1701 14.

229 2408 316 2436 1029.

207 2447 282 2481 Apr.
303 2449 333 2476 ὃ.

335 257 379 291 32
665 254 874 290 WIPONIS
904 253 1056 288 GESTA
1085 254 1371 288 CHUONRADI
1396 254 1494 287 IMP.

333 368 476 422 boum,
509 368 666 421 ovium,
695 381 940 423 porcorum,
971 365 1209 421 multasque
1239 366 1410 407 delicias
1445 365 1682 408 saeculares
1710 363 1820 408 ultra

334 423 506 466 modum
555 438 701 465 secum
744 423 960 475 educeret,
1005 421 1258 477 perveniens
1294 422 1339 463 in
1357 422 1623 478 Ungariam,
1662 435 1689 463 a
1716 436 1763 463 re
1795 436 1818 464 e

336 479 551 535 Stephano
597 478 860 520 contradicta
905 484 970 520 est
1013 476 1094 518 sibi
1130 477 1222 530 via,
1269 478 1382 532 quod
1419 492 1468 520 eo
1497 485 1688 534 tempore
1715 491 1745 519 n
1791 477 1821 519 li

337 541 551 577 oratorum
582 534 750 576 accidit.
810 533 914 575 Inde
943 547 1137 575 reversus
1166 547 1244 588 per
1283 534 1536 588 Baioaria-m,
1576 548 1674 575 cum
1705 534 1821 576 omni

336 591 542 632 comitatu
571 605 646 632 suo
678 603 858 646 pergens
888 588 1056 631 Italiam
1086 589 1278 642 intravit3
1310 595 1351 631 et
1379 588 1558 631 multum
1580 590 1695 632 circa
1714 589 1820 632 fines

334 646 531 688 Veronae
562 653 763 700 moratus,
793 645 965 687 tandem
997 659 1095 686 cum
1126 645 1313 686 maximo
1341 643 1485 687 labore
1505 660 1583 701 per
1596 646 1821 688 Venetiam

335 716 452 744 mare
482 701 750 744 Adriaticum
780 702 1007 756 ingressus,
1048 701 1219 757 navigio
1250 699 1495 743 calamitoso
1527 700 1822 744 Constantino-

336 757 469 814 polim
498 759 702 814 pervenit.
763 757 956 814 Cumque
994 755 1048 797 ab
1085 757 1340 812 imperatore
1371 755 1658 799 Graecorum¹
1691 757 1823 799 hono-

336 814 452 856 rifice
483 829 604 856 susce
639 820 705 856 tus
738 818 867 866 esset,
908 827 1138 868 secumque
1177 813 1278 854 satis
1308 812 1572 855 familiariter
1601 827 1823 855 conversa-

337 875 466 924 retur,
498 829 741 912 desiderare
772 870 923 925 coepit,
955 875 1002 910 ut
1021 869 1288 924 imperatoris
1309 867 1469 910 auxilio
1494 867 1824 912 Hierosolimam

337 925 491 980 adiret3
523 940 606 982 quo
644 925 876 978 desiderio,
914 939 1081 980 semper
1110 923 1253 981 aliqua
1289 939 1334 966 re
1363 925 1667 979 intercedente,
1703 940 1823 967 num-

338 996 468 1037 quam
497 982 625 1038 potiri
645 981 790 1023 valuit.
841 981 1045 1038 Sequenti
1064 994 1164 1022 vero
1186 987 1376 1036 tempore
1398 979 1503 1022 obiit
1513 987 1541 1033 ²,
1572 987 1678 1023 etse
1709 980 1823 1023 ultus

338 1043 402 1079 est
429 1039 474 1078 in
501 1038 650 1079 eadem
681 1038 808 1091 urbe3
840 1044 882 1079 et
911 1038 1203 1093 episcopatum
1235 1037 1326 1078 eius
1346 1035 1632 1079 Willihelmus
1702 1051 1824 1093 rgen-

336 1094 512 1135 tinensis
543 1094 772 1135 canonicus
793 1094 994 1150 suscepit.
1052 1092 1299 1147 Legationis
1321 1098 1463 1134 tamen
1484 1107 1657 1135 causam
1675 1099 1825 1150 postea

337 1150 567 1205 imperator
597 1149 886 1192 Graecorum
924 1150 1065 1191 aureis
1104 1147 1253 1191 litteris
1289 1149 1535 1204 imperatori
1565 1148 1823 1192 chuonrado

337 1206 556 1262 rescripsit
567 1211 596 1247 ⁴.

396 1312 463 1353 23.
523 1309 676 1362 Quod
714 1309 1006 1364 imperator
1043 1307 1220 1350 filium
1261 1324 1417 1350 suum
1454 1309 1768 1351 Heinricum
1828 1363 1831 1365 .

731 1379 910 1419 regem
949 1365 1265 1406 consecrari
1294 1365 1432 1407 fecit.

453 1433 579 1475 Anno
618 1433 794 1475 Domini
834 1432 959 1487 1028,
997 1432 1228 1475 indictione
1268 1434 1332 1485 11,
1379 1433 1611 1489 imperator
1657 1432 1826 1476 Ohuon-

340 1490 467 1531 radus
488 1489 620 1530 filium
643 1504 767 1530 suum
784 1489 1048 1542 Heinricum,
1071 1490 1238 1544 *magni
1257 1489 1418 1544 ingenii
1439 1495 1480 1531 et
1495 1487 1632 1531 bonae
1646 1488 1825 1532 indolis⁵

340 1561 533 1602 puerum,
560 1551 696 1587 aetate
716 1544 914 1586 undecim
946 1559 1167 1597 annorum,
1195 1544 1461 1600 principibus
1481 1545 1600 1602 regni
1622 1559 1720 1586 cum
1739 1551 1828 1588 tota

340 1601 607 1643 multitudine
647 1601 794 1656 populi
830 1600 874 1641 id
918 1599 1246 1655 probantibus³‚
1283 1614 1309 1640 a
1342 1599 1588 1656 Pilegrinob
1622 1600 1764 1643 archie
1796 1602 1827 1642 i-

340 1672 471 1714 scopo
503 1656 747 1699 Coloniensi
782 1657 825 1697 in
860 1655 1046 1711 regalem
1082 1656 1250 1711 apicem
1279 1656 1395 1712 apud
1423 1657 1684 1713 Aquisgrani
1711 1671 1769 1713 pa
1785 1672 1827 1699 a·

339 1715 445 1756 tium
477 1712 699 1754 sublimari
727 1712 896 1754 fecerat.
953 1712 1074 1753 Tunc
1094 1712 1138 1752 in
1157 1712 1384 1768 principali
1408 1712 1622 1755 dominica
1640 1713 1827 1769 paschae

342 1777 612 1812 consecratus
658 1774 699 1811 et
743 1773 992 1821 coronatus,
1043 1767 1288 1823 paschalem
1335 1767 1538 1811 laetitiam
1582 1769 1825 1825 triplicavit.

340 1826 452 1868 Nam
481 1825 583 1866 dum
613 1825 658 1865 in
688 1822 979 1881 superioribus
1009 1824 1130 1865 annis
1170 1823 1275 1865 duas
1307 1838 1498 1877 coronas,
1529 1825 1573 1867 id
1602 1830 1665 1867 est
1692 1825 1826 1881 patris

342 1887 383 1925 et
411 1881 558 1923 matris
589 1894 704 1934 suae,
735 1880 919 1921 mundus
948 1884 1233 1934 veneraretur,
1263 1894 1377 1922 nunc
1404 1881 1529 1922 tertia
1557 1880 1716 1935 addita,

498 1937 605 1992 Spes
636 1937 754 1992 pacis
786 1937 930 1988 crevit,
962 1949 1089 1992 quam
1118 1950 1196 1977 rex
1228 1950 1326 1977 cum
1357 1949 1526 1979 caesare
1556 1937 1677 1990 fecit3

342 1993 591 2050 praesertim
622 2006 720 2033 cum
750 1993 786 2033 is
817 1999 1039 2033 coronatus
1069 1997 1190 2044 esset,
1222 1992 1340 2034 cuius
1370 1998 1487 2034 aetas
1516 1993 1604 2035 vita
1629 1992 1829 2035 diuturna

342 2050 443 2091 satis
464 2049 594 2104 digna
612 2047 761 2089 fuerat.
809 2047 978 2089 Deinde
1000 2047 1166 2088 diversa
1185 2062 1317 2103 regna
1336 2054 1610 2104 peragrantes
1623 2057 1652 2102 ⁶,
1683 2062 1830 2091 caesar

342 2119 419 2161 per
449 2119 512 2158 se,
550 2118 630 2145 rex
669 2102 749 2145 sub
789 2109 926 2145 tutore
956 2110 998 2145 et
1025 2109 1169 2144 actore
1200 2102 1463 2160 Augustensi
1491 2105 1694 2161 episcopo
1723 2105 1830 2146 Bru-

343 2175 476 2213 none‚
522 2166 698 2202 cunctos
733 2157 912 2201 rebelles
960 2156 1190 2201 domabant
1226 2166 1268 2202 et
1303 2159 1476 2202 foedera
1511 2161 1630 2216 pacis
1669 2159 1829 2218 ubique

344 2216 524 2259 feliciter
552 2214 790 2260 firmabant.

540 2321 608 2362 24.
666 2320 742 2362 De
774 2319 928 2361 obitu
966 2319 1213 2375 episcopi
1242 2320 1622 2376 Augustensis.

456 2387 582 2430 Anno
613 2402 657 2430 se
690 2387 807 2429 uenti
835 2388 1069 2443 imperator
1097 2387 1142 2428 in
1161 2387 1360 2429 Baioaria
1379 2387 1498 2430 Ratis
1533 2402 1639 2431 onae
1668 2386 1830 2445 'pascha

345 2443 586 2487 celebravit.
645 2403 711 2486 1Ἑί
741 2443 887 2484 Bruno
916 2443 1142 2499 episcopus
1171 2443 1453 2499 Augustensis
1482 2403 1708 2487 dgfunctus
1727 2449 1793 2486 est
1802 2452 1831 2499 ⁷,

463 2535 492 2570 a)
515 2535 690 2568 petentibus
711 2534 802 2561 Zwetl.
883 2533 914 2567 b)
937 2534 1096 2566 peligrino
1118 2534 1145 2560 1.
1169 2534 1195 2559 2.

473 2598 508 2640 1)
545 2599 784 2632 Constantino.
886 2597 923 2641 2)
958 2598 994 2630 d.
1023 2597 1081 2631 28.
1107 2609 1153 2630 m.
1183 2596 1254 2631 Oct.
1281 2609 1316 2631 a.
1346 2598 1451 2631 1028.
1577 2597 1616 2641 3)
1649 2598 1832 2633 Romanus

344 2646 518 2692 Argyra&
544 2658 720 2681 successor
756 2646 986 2680 Constantini.
1092 2645 1132 2689 4)
1173 2645 1301 2690 Confer
1334 2647 1377 2680 de
1411 2647 1478 2680 hac
1511 2647 1700 2692 legatione,
1740 2658 1832 2691 quae

345 2697 528 2739 disputavi
560 2696 599 2729 in
619 2696 872 2739 Forschunqen
905 2706 970 2728 zur
995 2694 1183 2728 deutschen
1210 2694 1408 2729 Geschichte
1434 2696 1501 2729 vol.
1522 2695 1567 2737 X,
1587 2707 1629 2739 p.
1658 2695 1728 2729 606
1754 2707 1831 2740 sqq.

346 2744 384 2788 ὃ)
419 2745 459 2778 V.
480 2745 581 2788 infra
599 2756 626 2778 c.
642 2745 706 2777 37:
726 2745 965 2777 Herimaunus
984 2744 1055 2776 dux
1067 2743 1357 2786 Alamannorum,
1383 2745 1521 2778 iuvenis
1543 2745 1659 2778 bonae
1684 2744 1830 2778 indolis.

346 2792 383 2836 6)
409 2793 570 2827 Falsum.
596 2793 805 2836 Diplomata
831 2793 952 2825 docent
975 2802 1089 2836 reqem
1108 2796 1248 2834 patrem
1274 2798 1429 2826 secutum
1456 2803 1540 2826 esse.
1639 2791 1675 2836 7)
1710 2793 1747 2829 d.
1773 2793 1832 2827 24.

344 2853 389 2875 m.
416 2842 553 2886 April.;
579 2854 612 2876 v.
640 2841 773 2874 Annal.
800 2839 1000 2885 Auquscan.
1030 2841 1134 2882 1029,
1163 2840 1231 2875 SS.
1259 2841 1336 2883 III,
1365 2842 1446 2874 125.
