1864 3250
210 384 299 412 1088.

219 995 305 1027 sept.

228 1832 305 1858 Dec.

163 1989 213 2025 Ἰ).
236 1993 303 2020 274.

215 2068 303 2094 1039.

192 2288 261 2314 Iun.
276 2288 303 2316 3.

314 256 362 288 44
647 256 858 289 WIPONIS
886 255 1041 290 GESTA
1068 256 1357 290 CHUONRADI
1382 257 1480 290 IMP.

315 367 420 409 tudo
451 367 667 409 exercitus
697 367 846 409 morbo
878 373 1072 408 contacta
1098 367 1237 423 periit.
1297 367 1465 424 Corpus
1493 369 1666 425 reginae
1694 375 1808 414 tene-

316 437 412 465 rum
443 429 485 465 et
519 422 761 475 delicatum,
793 423 1054 464 aromatibus
1085 422 1315 476 conditum,
1347 438 1444 465 cum
1473 439 1576 481 rege
1606 431 1649 467 et
1675 425 1808 483 impe-

317 479 471 521 ratrice
516 478 692 520 ductum
733 478 789 519 ad
820 478 1118 532 Germaniam,
1162 479 1207 519 in
1239 480 1534 535 praepositura
1570 480 1809 538 Lintburg⁸

318 534 533 590 sepultum
563 541 638 576 est.
698 534 766 575 De
812 534 920 576 duce
951 540 1155 576 statutum
1186 535 1322 588 eratb,
1366 541 1413 577 ut
1440 536 1485 577 in
1515 535 1809 580 Constantiam

318 591 535 632 civitatem
563 589 845 632 Alamanniae
875 589 1123 644 duceretur;
1164 589 1240 632 sed
1270 589 1409 633 calore
1437 592 1569 634 nimio
1601 591 1809 648 obstante,

317 647 363 687 in
393 646 595 688 Triento⁰
626 645 840 702 sepelitur.

322 751 389 795 38.
450 749 603 803 Quod
648 750 949 806 imperator
990 749 1113 791 filio
1159 764 1247 791 suo
1291 750 1406 807 regi
1444 750 1810 808 Burgundiam

931 804 1201 847 tradiditd.

434 874 602 916 Eodem
645 887 757 915 anno
788 873 862 915 Ste
896 872 1032 915 hanus
1074 887 1152 915 rex
1194 873 1479 930 Ungariorum
1522 873 1645 927 obiit,
1689 875 1812 918 relin-

322 945 456 986 quens
486 944 667 985 regnum
695 930 835 982 Petro,
898 928 953 970 lio
984 930 1140 970 sororis
1170 944 1285 971 suae.
1343 930 1556 973 Reversus
1583 932 1815 988 imperator

321 986 367 1027 in
395 986 653 1040 Baioariam,
683 991 976 1040 aegrotantem
1016 985 1252 1027 exercitum
1291 986 1538 1028 medicinis⁰
1568 996 1611 1029 et
1639 989 1813 1031 consilio

321 1041 556 1096 reficiebat3
593 1049 635 1084 et
673 1041 775 1083 dum
813 1055 937 1082 omne
971 1055 1151 1095 regnum
1181 1042 1404 1084 serenitate
1433 1043 1554 1098 pacis
1582 1043 1814 1087 invenisset

321 1097 598 1152 illustratum,
643 1097 835 1139 eiusdem
879 1097 979 1138 anni
1023 1103 1227 1139 autumno
1266 1097 1562 1154 Burgundiam
1600 1099 1727 1154 adiit3
1771 1106 1814 1143 et

323 1154 565 1196 convocatis
611 1154 776 1195 cunctis
819 1153 1084 1208 principibus
1127 1153 1269 1208 regni,
1312 1154 1510 1210 generale
1553 1154 1661 1197 collo
1693 1157 1813 1198 uium

321 1209 471 1252 habuit
501 1224 599 1251 cum
630 1210 704 1264 eis,
734 1215 776 1252 et
804 1210 878 1251 diu
907 1208 1125 1251 desuetam
1166 1216 1295 1265 atque
1323 1225 1432 1265 pene
1463 1210 1646 1253 deletam
1690 1227 1813 1268 egem

322 1273 424 1307 tunc
469 1267 656 1321 primum
701 1264 999 1320 Burgundiam
1043 1264 1280 1320 praelibare
1328 1266 1498 1309 fecerat.
1565 1267 1812 1311 Transactis

321 1322 460 1364 tribus
481 1321 631 1364 diebus
653 1321 862 1377 generalis
893 1320 1104 1377 colloquii,
1135 1327 1286 1377 quarta
1315 1322 1396 1376 die,
1417 1323 1671 1378 primatibus
1690 1325 1814 1381 regni

323 1392 423 1419 oum
453 1379 652 1419 universo
696 1376 854 1433 populo
898 1375 1175 1420 laudantibus
1209 1383 1337 1434 atque
1374 1379 1638 1434 rogantibus,
1680 1379 1740 1421 im
1772 1394 1814 1422 e-

320 1439 437 1475 rator
478 1433 564 1475 filio
611 1447 687 1475 suo
722 1433 927 1475 Heinrico
971 1433 1062 1486 regi
1103 1448 1285 1488 regnum
1314 1434 1589 1490 Burgundiae
1625 1435 1737 1478 tradi
1770 1436 1813 1490 ‘t,

322 1490 447 1545 eique
477 1489 727 1531 fidelitatem
770 1488 910 1531 denuo
954 1489 1096 1530 iurare
1138 1489 1251 1531 fecit.
1311 1489 1451 1541 Quem
1492 1491 1685 1547 episcopi
1714 1506 1814 1534 cum

322 1546 500 1587 caeteris
530 1544 799 1602 principibus
838 1545 882 1585 in
922 1543 1147 1586 ecclesiam
1182 1546 1315 1587 sancti
1346 1546 1563 1602 Stephani,
1595 1561 1706 1603 quae
1733 1561 1812 1604 pro

321 1600 485 1657 capella
513 1602 626 1656 regis
657 1600 891 1643 Solodorof
923 1599 1114 1654 habetur,
1144 1600 1415 1656 deducentes,
1446 1602 1616 1658 hymnis
1646 1610 1689 1645 et
1715 1618 1812 1646 can-

319 1658 417 1699 ticis
448 1657 631 1699 divinis&
661 1656 805 1699 Deum
833 1655 1085 1711 laudabant,
1124 1656 1285 1713 populo
1324 1657 1532 1700 clamante
1561 1664 1603 1700 et
1632 1658 1812 1714 dicente,

323 1713 438 1769 quod
469 1728 558 1769 pax
587 1727 739 1769 pacem
781 1719 1025 1768 generaret,
1071 1713 1107 1753 si
1142 1728 1221 1755 rex
1251 1727 1347 1754 cum
1376 1728 1546 1756 caesare
1575 1722 1811 1771 regnaret1.

320 1769 534 1811 Reversus
576 1769 810 1825 imperator
857 1783 936 1825 per
978 1767 1193 1810 Basileam
1244 1769 1527 1824 descendens,
1583 1771 1813 1814 Franciam

320 1824 567 1867 orientalem
598 1831 640 1867 ct
670 1825 903 1867 Saxoniam
933 1831 1062 1880 atque
1092 1825 1312 1866 Fresiamh
1756 1825 1771 1855 θ

571 1881 730 1923 Pacem
757 1879 979 1934 firmando,
1009 1879 1148 1936 legem
1176 1880 1372 1923 faciendo
1403 1882 1561 1924 revisit.

657 1986 752 2027 *39.
809 1986 889 2027 De
930 1985 1076 2027 obitu
1117 1985 1480 2042 imperatoris.

431 2054 557 2095 Anno
602 2053 842 2096 dominicae
895 2054 1198 2096 incarnationis
1249 2053 1392 2108 10391,
1442 2052 1544 2095 dum
1577 2054 1811 2119 imperator

320 2109 605 2153 Chuonradus
634 2110 719 2151 iam
749 2110 794 2151 in
822 2109 909 2151 filio
931 2124 1007 2151 suo
1027 2124 1128 2165 rege
1148 2110 1353 2152 Heinrico
1374 2110 1496 2165 regni
1514 2124 1618 2163 rem,
1642 2112 1810 2168 lmperii

319 2173 461 2209 autem
493 2180 613 2222 spem
651 2166 759 2208 bene
788 2165 971 2207 locatam
1012 2165 1260 2219 confideret,
1301 2179 1483 2222 cumque
1519 2179 1630 2222 pene
1666 2168 1810 2209 omnia

318 2236 397 2279 per
424 2237 604 2277 regnum
634 2221 691 2263 ad
728 2221 896 2263 libitum
936 2236 1057 2263 suum
1098 2220 1297 2263 inclinata
1330 2221 1514 2274 videret,
1557 2222 1652 2278 ipso
1695 2237 1807 2266 anno

319 2279 433 2320 diem
477 2285 672 2320 sanctum
715 2283 982 2334 pentecostes
1026 2277 1142 2333 apud
1180 2278 1425 2319 Traiectum
1461 2277 1679 2320 civitatem
1706 2279 1808 2322 Fre-

318 2334 438 2376 siaek
480 2333 721 2376 celebravit.
786 2333 875 2376 Ubi
918 2335 1036 2375 cuml
1075 2333 1403 2376 sacratissimam
1450 2332 1808 2391 soHempnitatem

316 2390 561 2432 venerando
604 2389 831 2445 magnifice
875 2404 972 2432 cum
1015 2388 1102 2431 filio
1147 2395 1188 2432 et
1229 2389 1536 2445 imperatricem
1581 2397 1808 2433 coronatus

316 2445 568 2502 procederet
596 2445 652 2487 ad
680 2461 892 2499 mensam,
928 2445 1134 2487 mediocri
1164 2443 1307 2487 dolore
1346 2451 1618 2501 correptusn,
1661 2452 1806 2489 tamen

316 2517 371 2545 ne
399 2509 542 2544 tantae
572 2501 656 2543 diei
694 2501 900 2545 laetitiam
942 2500 1231 2558 perturbaret,
1276 2500 1466 2544 dolorem
1509 2501 1808 2546 dissimulavit.

435 2610 465 2644 a)
487 2611 626 2642 Lutburg
648 2613 673 2638 1.
696 2611 729 2642 23
760 2610 927 2643 Limpurch
955 2610 1046 2637 Zwetl.
1124 2608 1157 2644 b)
1187 2610 1287 2635 fuerat
1307 2611 1334 2636 2.
1415 2608 1443 2643 c)
1471 2610 1514 2636 ita
1543 2611 1569 2637 1.
1599 2610 1710 2643 Zwetl.,·
1740 2610 1808 2637 'rri-

317 2651 409 2676 dento
432 2651 459 2676 2.
561 2649 592 2684 d)
614 2651 766 2682 inscriptio
787 2651 859 2675 deest
886 2652 908 2675 1.
1009 2648 1037 2682 e)
1065 2649 1192 2674 medicis
1215 2651 1241 2676 1.
1343 2647 1366 2682 f)
1395 2650 1437 2674 ita
1457 2649 1565 2682 Zwetl.,·
1600 2649 1751 2676 Soloduro
1773 2651 1807 2683 1;

317 2689 464 2716 Soloduri
488 2690 520 2722 23
542 2690 579 2722 cf.
602 2697 625 2715 c.
649 2690 696 2716 30.
778 2688 809 2722 g)
831 2689 904 2714 deest
927 2689 954 2715 2.
1046 2687 1080 2721 h)
1101 2689 1144 2714 ita
1166 2689 1191 2714 1.
1215 2689 1328 2721 Zwetl.;
1357 2689 1491 2714 Frisiam
1512 2689 1540 2715 2.
1620 2687 1643 2723 i)
1667 2689 1755 2716 1038.
1778 2691 1807 2716 1.

316 2728 349 2763 k)
370 2730 462 2755 Friae
486 2731 512 2755 1.
536 2730 563 2754 2.
643 2727 666 2762 l)
700 2729 868 2755 celebravit
898 2728 950 2754 ubi
978 2734 1047 2754 cum
1076 2728 1177 2753 desunt
1199 2729 1226 2755 1.
1308 2726 1350 2762 m)
1380 2728 1547 2761 impeti-ace
1569 2728 1596 2754 1.
1676 2727 1709 2762 n)
1743 2735 1808 2755 cor-

316 2771 422 2801 reptus
445 2771 489 2794 est
513 2769 537 2794 2.

439 2847 478 2892 1)
505 2848 640 2893 Igitur:
667 2849 741 2880 Pax
767 2858 895 2892 pacem
922 2850 1083 2890 generat,
1109 2848 1140 2881 si
1165 2858 1229 2881 rex
1251 2857 1331 2881 cum
1359 2856 1504 2881 caesare
1531 2848 1671 2890 regnat.
1698 2843 1740 2880 P.
