1864 3250
1499 242 1554 275 XI

58 355 205 399 hiberae
243 354 312 409 86,
353 355 521 398 omissis
557 355 625 397 bic
663 353 754 397 illic
791 353 958 411 aliquot
996 353 1203 406 versibus,
1245 352 1426 396 collatus
1456 370 1553 397 cum

59 412 245 455 editione
272 412 324 454 in
353 417 546 454 nostrum
575 410 819 453 subsidium
850 426 878 452 a
906 410 1116 453 Riezlero.

164 467 398 511 Pmeterea
419 467 658 523 proverbia
684 473 834 509 extant
854 468 902 508 in
923 465 950 508 5
972 467 1076 509 aliis
1098 466 1334 520 codicibus,
1366 481 1551 523 quorum

56 524 256 578 lectiones
284 539 363 566 nos
392 538 481 566 non
510 524 803 580 cognovimus.
862 522 978 565 Sunt
1008 529 1150 565 autem
1181 523 1250 565 bi:

172 579 244 638 12)
279 579 323 624 C.
359 579 698 623 Vindobonensis
727 579 787 621 N.
817 578 942 633 5512,
972 580 1087 621 Med.
1122 579 1241 621 124¹.

170 636 242 692 13)
275 636 319 680 C'.
340 636 439 680 bibl.
461 635 797 689 Vallicellianae,
827 635 997 678 membr.
1023 650 1136 678 saec.
1156 635 1250 676 XII
1258 642 1286 680 ².
1326 635 1551 678 Desinunt

55 692 119 736 ibi
139 693 407 750 proverbia:
449 692 522 748 qui
560 698 712 748 regnat
740 692 784 733 in
813 690 911 733 aula
938 690 1148 748 polorum,
1187 706 1299 747 quae
1334 692 1465 734 verba
1499 693 1549 734 in

58 754 211 792 nostra
238 749 426 792 editione
455 763 543 791 non
573 749 859 790 inveniuntur
872 756 901 792 ².

171 805 242 862 14)
291 804 334 848 C.
374 805 612 847 Vaticanus
650 806 830 861 reyinae
870 803 1054 847 Sueciae
1091 804 1149 846 N.
1183 804 1305 858 1707,
1343 805 1550 847 exhibens

55 876 208 904 versus
235 859 303 916 53,
320 861 525 916 forsitan
554 861 720 903 eosdem
751 867 877 917 atque
906 867 1050 903 noster
1083 860 1125 904 C.
1159 859 1226 902 7³.

170 916 240 974 15)
293 917 336 960 C'.
383 917 617 960 Vaticanus
665 917 859 959 Palatin.
908 918 967 959 N.
1014 916 1109 971 719,
1153 917 1303 970 chart„
1360 918 1551 973 scriptus

57 989 99 1016 a.
122 973 245 1019 1429.
276 989 305 1016 a
327 974 534 1017 Johanne
559 973 782 1030 Volprecbt
811 974 863 1015 de
892 974 1130 1030 Wimpina,
1161 974 1236 1015 ubi
1254 974 1300 1029 f.
1334 973 1426 1015 152.
1463 974 1549 1016 Wi-

50 1031 188 1087 ponis
225 1030 462 1087 proverbia
506 1030 732 1072 habentur.
799 1029 958 1073 Ultima
1001 1030 1132 1072 verba
1177 1045 1265 1072 esse
1315 1030 1549 1073 dicuntur:

58 1086 238 1128 cantatis
267 1086 401 1140 testis,
459 1101 542 1127 uae
573 1092 713 1128 temtus
743 1092 887 1128 noster
915 1101 1133 1142 nusquam
1164 1087 1332 1128 eaehibet
1345 1093 1375 1127 4.

170 1141 241 1195 16)
275 1142 320 1186 C.
351 1142 398 1185 S.
465 1143 661 1185 rancisci
686 1141 972 1185 Forliviensis
985 1150 1014 1184 ⁵.

169 1198 523 1256 Tetraloqum
553 1199 824 1241 Heinrici
853 1200 1002 1256 reyis
1033 1199 1171 1241 edidit
1192 1214 1245 1240 ex
1269 1197 1370 1241 Cod.
1394 1198 1548 1255 Auqu—

55 1259 181 1298 stano
217 1254 372 1297 Petrus
413 1254 677 1308 Canisius⁶;
716 1255 824 1297 liber
861 1255 933 1298 ille
965 1255 1217 1312 deperditus
1246 1255 1419 1297 videtur
1449 1270 1550 1309 esse,

55 1325 192 1367 neque
237 1310 354 1353 alius
396 1311 542 1364 codem,
587 1313 665 1368 qui
705 1311 822 1353 illud
862 1327 1035 1354 carmen
1075 1312 1285 1366 eoebibeat‚
1331 1312 1550 1367 hucusque

56 1367 260 1410 inventus
306 1373 380 1411 est.
437 1368 586 1410 Editio
635 1367 810 1411 Canisii
858 1368 1082 1410 nonnullis
1131 1367 1238 1411 locis
1289 1384 1317 1410 a
1368 1368 1548 1422 Pertzio,

65 1422 218 1476 Volzio,
247 1422 575 1478 Giesebmchtio,
598 1424 920 1467 Wattenbaclzio
950 1431 1079 1480 atque
1108 1441 1137 1466 a
1164 1425 1289 1467 nobis
1321 1425 1549 1467 emendata

56 1485 128 1521 est.
185 1480 335 1522 Etiam
373 1480 565 1522 Versus
597 1481 665 1523 ad
694 1496 931 1523 mensam
960 1482 1110 1538 re9is
1138 1482 1229 1524 nisi
1259 1482 1383 1537 apud
1417 1481 1547 1524 Cani·

56 1537 169 1579 sium
197 1536 319 1579 nobis
348 1537 509 1578 servati
537 1552 626 1579 non
656 1543 770 1579 sunt.

171 1590 291 1641 Quae
320 1594 370 1634 in
400 1592 656 1649 Appendice
686 1594 754 1635 his
782 1593 981 1650 VViponis
1022 1593 1225 1650 operibus
1257 1594 1548 1636 adiunoeimus

55 1648 174 1691 edita
203 1654 306 1691 sunt
335 1649 449 1691 bisce
478 1649 700 1691 subsidiis.
750 1649 1055 1692 Annalium
1085 1649 1549 1707 Sanqallensium

53 1710 214 1748 temtum
243 1720 296 1747 ex
326 1720 441 1747 nova
467 1704 604 1762 Jaffei
633 1705 859 1748 collatione
889 1707 1051 1749 codicis
1084 1706 1395 1763 Sanqallensis
1424 1707 1549 1748 unici

54 1761 126 1803 hic
153 1760 244 1804 illic
274 1762 610 1803 emendavimus.
668 1762 991 1805 Herimanni
1023 1762 1260 1806 Chronic
1275 1778 1337 1806 on
1374 1778 1427 1805 ex
1458 1764 1547 1805 edi-

52 1817 168 1860 tione
187 1817 358 1870 Pertzii‚
382 1821 625 1873 perpaucis
655 1824 825 1860 tantum
854 1819 966 1861 locis
987 1820 1240 1873 immutatis,
1270 1820 1549 1874 repetendum

54 1879 160 1916 erat.
211 1873 398 1916 Numeri
425 1875 567 1931 i9itur
592 1874 845 1917 lectionibus
874 1877 1070 1931 appositi
1099 1875 1379 1933 siqnificant:

169 1929 212 1984 1)
248 1929 291 1972 C'.
325 1929 677 1973 Carlsrubanum
706 1931 876 1973 membr.
908 1947 1018 1974 saec.
1049 1931 1126 1973 XI.

166 1986 212 2042 2)
247 1985 291 2029 C.
321 1986 624 2029 Monacensem
653 1988 820 2030 membr.
852 2003 962 2032 saeC.
994 1988 1071 2030 XI.

167 2041 212 2097 3)
257 2042 473 2085 Bernoldi
515 2044 700 2086 codicem
740 2045 1077 2101 autoqrapbum,
1121 2045 1291 2088 membr.
1332 2059 1441 2087 saec.
1472 2045 1549 2099 XI,

54 2098 147 2140 iam
175 2098 491 2141 Monacensem.

170 2153 424 2198 Chronici
473 2155 692 2198 Suevici
731 2155 1081 2200 Universalis
1129 2157 1329 2200 lectiones
1378 2157 1548 2200 exbibe-

56 2224 152 2252 mus
180 2226 233 2253 eae

170 2267 213 2323 1)
254 2266 296 2310 C.
327 2269 580 2311 monasterii
610 2267 891 2311 Gotwicensis
920 2270 1090 2311 membr.
1121 2285 1232 2312 saec.
1264 2269 1364 2311 XII.

167 2322 212 2375 2)
249 2324 454 2367 Editione
484 2324 791 2367 Sicbardiana
823 2342 862 2368 a.
898 2326 1017 2367 1529.

167 2379 212 2434 3)
257 2380 463 2423 Editione
491 2381 686 2423 Pistorii.
744 2382 811 2423 De
842 2397 1025 2438 quorum
1054 2382 1225 2423 ratione
1255 2388 1292 2424 et
1321 2382 1468 2425 indole
1498 2383 1549 2425 in

57 2447 172 2476 nova
196 2436 326 2478 totius
350 2436 555 2479 Chronici
584 2438 783 2491 editione,
814 2454 925 2495 quae
952 2440 1000 2480 in
1021 2437 1299 2494 Scriptorum
1321 2438 1405 2481 Vol.
1422 2439 1549 2483 XIII.

49 2489 224 2546 publici
249 2492 364 2534 iuris
382 2493 474 2547 fiet,
506 2494 682 2537 uberius
712 2494 836 2537 nobis
869 2495 1086 2551 ayendum
1115 2497 1210 2538 erit.

168 2547 370 2603 Denique
418 2550 607 2593 duorum
655 2552 950 2593 carminum
1003 2551 1201 2593 codicis
1255 2550 1551 2594 Cantabri-

156 2698 195 2743 1)
251 2699 360 2734 Tabb,
401 2699 508 2734 C'odd.
545 2701 738 2736 Vindobon.
778 2702 847 2743 IV,
885 2703 963 2737 145.
1089 2703 1127 2747 2)
1179 2703 1309 2736 Archiv
1347 2702 1437 2744 XII,
1465 2703 1550 2737 422.

58 2745 98 2790 8)
130 2747 262 2782 Archiv
287 2748 376 2791 XII,
402 2750 486 2782 324.
587 2750 626 2794 4)
660 2751 790 2785 Archiv
816 2751 904 2793 XII,
932 2753 1016 2787 341.
1119 2753 1157 2796 5)
1191 2752 1320 2786 Archiv
1348 2752 1438 2794 XII,
1466 2753 1550 2788 571.

60 2795 99 2840 6)
123 2795 304 2832 Lectiones
330 2797 505 2842 Antiquae
533 2799 564 2840 I,
591 2799 612 2831 2
640 2811 733 2844 sqq.,·
758 2801 796 2834 in
822 2801 972 2835 editione
998 2801 1176 2846 Basnayii
1203 2801 1278 2843 III,
1310 2802 1376 2834 161
1406 2813 1479 2845 sqq.
