1864 3250
617 761 1019 819 PRAEFATIOss

179 906 260 961 De
298 915 495 972 Wiponis
533 917 650 958 vita1
688 915 802 958 nihil
838 916 1010 968 scimus,
1040 916 1132 957 nisi
1161 930 1274 971 quae
1304 930 1357 958 ex
1386 916 1564 971 scriptis

65 974 164 1015 eius
201 971 349 1030 colligi
377 979 581 1028 possunt.
640 972 729 1014 Aut
758 974 806 1015 in
838 971 1125 1028 Burqundia,
1166 973 1213 1014 id
1244 972 1360 1028 quod
1382 973 1564 1027 putavit

66 1028 272 1083 Pertzius,
304 1035 382 1070 aut
411 1030 459 1071 in
485 1030 546 1070 eis
566 1028 866 1070 Alamanniae
880 1028 1100 1083 partibus,
1163 1044 1242 1071 uae
1262 1028 1561 1085 Buryundiae

66 1085 256 1140 confines
277 1091 378 1127 sunt
388 1091 417 1139 ²,
448 1091 580 1127 natus
600 1099 688 1127 esse
713 1086 834 1127 circa
853 1084 990 1138 finem
1011 1044 1176 1126 saeczdi
1196 1085 1353 1127 decimi
1373 1085 1562 1127 videtur.

66 1141 342 1185 Educatione
372 1147 410 1183 et
438 1142 642 1183 doctrina
680 1139 919 1183 liberaliter
953 1141 1179 1183 institutus
1209 1147 1248 1182 et
1277 1141 1561 1184 classicorum

68 1205 320 1242 auctorum:
353 1197 544 1254 Ve2r9ilii,
577 1198 767 1251 Horatii,
809 1197 970 1251 Ovidii,
1002 1197 1160 1250 Persii,
1191 1197 1339 1250 Statii,
1371 1197 1560 1251 Lucani,

67 1253 299 1307 Macrobii,
331 1254 546 1308 Suet-onii,
570 1256 813 1310 praecipue
845 1253 1048 1296 Sallustii
1073 1253 1213 1308 libris,
1243 1260 1281 1296 et
1311 1254 1560 1310 scripturae

67 1325 224 1354 sacrae
265 1310 496 1366 diliqenter
541 1325 717 1366 operam
763 1311 946 1353 navavit
997 1312 1190 1366 artisque
1238 1311 1429 1352 musicae
1461 1310 1563 1366 fuit

67 1368 184 1411 inter
207 1368 512 1424 peritissimos.
571 1367 667 1409 Iam
697 1366 893 1409 electioni
926 1366 1186 1410 Chuonradi
1215 1367 1398 1408 secundi
1427 1367 1498 1409 die
1522 1367 1561 1410 8.

66 1436 121 1466 m.
139 1424 196 1467 Se
229 1423 400 1467 tembris
422 1439 461 1465 a.
482 1423 602 1466 1024.
620 1423 813 1466 Kambae
833 1424 1035 1478 interfuit
1047 1430 1074 1477 ³,
1083 1423 1290 1479 forsitan
1311 1424 1563 1479 episcopum

68 1495 179 1537 quen
214 1496 282 1522 am
305 1479 646 1522 Alamannicum
668 1486 927 1536 prosecutus
937 1495 952 1533 ;
982 1481 1140 1522 deinde
1171 1479 1416 1535 capellanis
1446 1481 1564 1536 reyis

70 1537 323 1593 adscriptus
344 1543 417 1590 est,
448 1537 524 1577 sed
552 1536 800 1578 valetudine
820 1537 953 1578 nimis
972 1535 1155 1590 infirma
1174 1536 1410 1591 impeditus
1432 1551 1561 1592 neqo-

69 1593 146 1635 tiis
187 1609 240 1635 ca
275 1593 380 1635 ellae
419 1607 547 1649 saepe
586 1608 629 1635 se
670 1593 858 1643 defuisse
896 1595 990 1649 ipse
1027 1599 1248 1635 testatur-⁴.
1307 1592 1361 1634 In
1409 1592 1566 1635 ordine

69 1609 271 1692 cler-icat?
313 1664 448 1706 usque
503 1650 562 1691 ad
606 1650 862 1706 diynitatem
900 1650 1148 1706 presbyteri
1184 1650 1395 1705 pervenit.
1466 1649 1563 1690 Veri

68 1703 290 1748 simillima
333 1712 393 1748 est
436 1705 596 1747 Pertzii
638 1707 900 1760 coniectura,
939 1706 1160 1762 Wiponem
1199 1706 1316 1762 regis
1357 1705 1564 1748 Heinrici

61 1762 378 1819 paedayoyum
394 1761 564 1815 fuisse;
600 1768 757 1804 certum
797 1768 937 1804 autem
968 1768 1028 1803 est
1057 1761 1336 1817 capellanum
1365 1768 1563 1804 nostrum

68 1819 118 1860 in
156 1824 325 1860 tantam
361 1818 566 1859 Heinrici
587 1816 951 1872 familiaritatem
986 1819 1234 1872 intravisse,
1276 1825 1323 1860 ut
1351 1833 1494 1875 reyem
1524 1824 1564 1860 et

67 1873 258 1917 laudare
295 1880 333 1916 et
369 1889 539 1917 monere
578 1876 828 1931 scriptaque
868 1875 1072 1931 suasere
1103 1876 1249 1917 omnia
1288 1876 1328 1917 ei
1357 1874 1563 1917 dedicare

64 1937 223 1987 posset.
262 1931 459 1972 Eaeeunte
479 1946 598 1973 anno
622 1931 742 1973 1046.
772 1937 989 1988 superstes
1007 1937 1101 1974 erat
1110 1947 1126 1986 ,·
1158 1932 1418 1973 Heinricum
1446 1932 1563 1974 enim

67 1988 371 2043 imperatorem
400 1993 523 2029 vocat
551 1989 599 2029 in
627 1988 810 2043 epistola
834 1987 972 2030 Gestis
996 1987 1256 2031 Chuonradi
1279 1989 1559 2043 praemissa,-

69 2044 247 2101 quando
277 2049 418 2086 autem
447 2050 641 2086 mortuus
670 2045 738 2097 sit,
768 2059 855 2086 non
886 2050 1064 2087 constat.

181 2100 244 2143 Se
291 2101 534 2142 ueritiam
576 2099 928 2156 paschalem,
971 2101 1319 2157 pulcherrimum
1372 2115 1560 2153 carmen,

69 2157 186 2213 quod
216 2172 243 2198 a
269 2157 361 2199 Jzuc
389 2157 439 2198 in
470 2155 658 2198 ecclesiis
689 2158 876 2211 canitur,
916 2173 997 2214 quo
1035 2163 1220 2213 tempore
1258 2157 1560 2214 composuerit,

66 2214 347 2271 iynoramus;
386 2213 609 2269 Wiponem
649 2220 790 2256 autem
829 2220 1044 2256 auctorem
1067 2214 1231 2269 fuisse,
1273 2227 1427 2255 nomen
1467 2214 1562 2256 eius

67 2270 116 2312 in
156 2269 300 2312 codice
330 2268 604 2312 Einsidlensi
638 2269 803 2312 saeculi
830 2270 905 2312 XI.
943 2271 1133 2313 carmi-ni
1162 2269 1435 2325 adscriptum
1465 2271 1562 2312 sine

169 2395 207 2441 1)
246 2395 374 2441 Confer
412 2397 454 2431 G.
486 2397 536 2430 H.
571 2397 693 2440 Pertz,
741 2397 848 2432 Ueber
883 2398 994 2441 W'pos
1033 2397 1150 2432 Leben
1187 2399 1262 2432 und
1302 2396 1480 2441 Schriften
1520 2395 1559 2430 in

68 2445 386 2480 Dissertationibus
410 2445 624 2480 Academiae
648 2447 888 2481 Berolinensis
913 2461 946 2480 a.
976 2447 1089 2487 1851,·
1123 2446 1158 2480 J.
1185 2446 1379 2490 Harttzmy,
1408 2445 1560 2480 Studien

69 2505 135 2528 zur
160 2493 359 2529 Geschichte
382 2494 540 2529 Conrads
554 2495 609 2529 Il.
639 2496 761 2536 (Bonn
776 2496 886 2540 1876)
908 2508 947 2540 p.
970 2498 1010 2528 11
1027 2507 1121 2540 sqq.;
1156 2496 1201 2530 W.
1220 2495 1358 2540 Pflu'qer
1383 2494 1422 2529 in
1448 2496 1558 2529 intro-

68 2541 231 2578 ductione
254 2544 496 2578 translationis
516 2545 699 2578 Gestorum
718 2544 924 2579 Ohuonradi
938 2557 978 2589 p.
1000 2546 1123 2588 7sqq.,·
1148 2545 1197 2579 H.
1215 2545 1363 2587 Busche,
1390 2545 1458 2579 Die
1477 2544 1559 2578 Vita

71 2591 227 2626 Conradi
246 2604 313 2626 von
335 2593 430 2636 Wpo
443 2593 631 2628 beleuchtet
654 2594 729 2628 und
749 2598 904 2636 erortert,
930 2594 968 2628 in
979 2599 1239 2639 proyrammate
1252 2594 1390 2628 scholae
1405 2593 1558 2627 civitatis

73 2639 159 2686 Ospe
174 2641 330 2684 1876s77
352 2653 394 2685 p.
410 2643 533 2686 5sqq.;
564 2643 598 2676 J.
622 2642 738 2685 Kaizl,
765 2643 1003 2677 Dissertation
1021 2644 1104 2678 iiber
1123 2642 1230 2686 Wpo,
1256 2642 1350 2677 seine
1365 2642 1556 2686 Schriften,

67 2689 312 2724 imbesondere
326 2691 420 2725 aeine
431 2690 509 2724 Vita
525 2690 730 2726 Chuonradi
745 2691 968 2736 imperatoris
984 2694 1002 2733 (
1011 2693 1102 2726 Wien
1118 2692 1241 2735 1877).
1314 2691 1352 2735 2)
1373 2691 1559 2737 Harttuny

67 2739 93 2774 l.
120 2739 144 2774 l.
163 2751 205 2784 p.
236 2741 291 2773 17.
393 2739 432 2783 3)
459 2740 566 2774 Gesta
590 2752 616 2774 c.
646 2741 685 2774 1:
724 2741 763 2775 fit
787 2742 910 2786 populi
938 2747 1143 2783 conventus,
1171 2741 1313 2785 qualem
1340 2752 1396 2775 me
1422 2742 1558 2775 vidisse

71 2792 180 2823 antea
204 2800 273 2823 non
301 2791 458 2823 memini.
544 2789 583 2832 4)
608 2789 772 2833 Epistola
798 2791 846 2824 ad
871 2802 987 2835 regem
1003 2790 1234 2824 Hcinricum:
1262 2802 1342 2824 cum
1369 2790 1556 2834 plurimum

69 2841 210 2883 tempus
235 2838 423 2879 infirmavi,
451 2849 520 2872 non
538 2839 637 2882 potui
659 2840 694 2871 in
715 2840 854 2884 capella
872 2841 1021 2874 senioris
1044 2841 1112 2873 mei
1132 2839 1337 2874 Chuonradi
1355 2839 1560 2884 frequenter

69 2887 211 2922 adesse.
