1864 3250
214 373 306 401 1030.

169 1465 219 1500 ⁸p.
245 1467 312 1494 269.

314 244 362 276 34
640 242 850 276 WIPONIS
878 241 1032 276 GESTA
1059 241 1347 275 CHUONRADI
1373 241 1470 274 IMP.

318 369 467 397 versus
487 354 799 408 imperatorem,
831 352 1092 394 orationibus
1123 359 1164 394 et
1192 353 1359 394 ieiuniis
1388 353 1433 393 in
1458 352 1656 401 universo
1676 365 1808 408 regno

319 424 396 452 suo
412 409 596 460 indictis,
612 408 871 463 praesidium
886 407 1063 449 Domini
1081 408 1373 450 tantummodo
1395 407 1626 463 flagitabat.
1669 407 1808 463 Impe-

317 472 433 508 rator
452 472 538 507 tam
558 464 769 505 munitum
789 478 968 518 regnum
993 462 1133 505 fluviis
1161 469 1202 505 et
1231 463 1348 506 silvis
1367 464 1523 505 intrare
1543 477 1630 504 non
1649 461 1809 517 valens,

318 520 461 563 multis
495 526 639 561 tamen
681 518 1030 574 praedationibus
1066 519 1275 560 incendiis
1313 519 1426 561 circa
1456 519 1657 561 terminos
1685 519 1809 574 regni

317 577 517 617 iniuriam
549 590 670 616 suam
700 575 801 616 satis
829 573 1049 628 ulciscens,
1079 589 1277 617 reversus
1308 580 1413 628 est¹,
1442 573 1589 617 volens
1618 581 1703 617 tem
1736 588 1809 616 ore

326 631 589 688 oportuniori
619 637 800 686 coepta‘3¹
830 645 907 671 sua
936 645 1151 686 peragere.
1206 630 1292 672 Sed
1320 629 1430 672 filius
1451 645 1552 672 suus
1579 645 1658 672 rex
1723 630 1808 672 ein-

319 689 434 729 ricus
455 686 595 728 adhuc
617 685 832 742 puerulus,
853 685 1090 741 Eigilberto
1106 686 1369 742 Frisingensi
1385 686 1588 742 episcopo
1605 686 1808 740 creditus,

319 743 532 798 legatione
564 741 770 798 Stephani
798 742 910 798 regis
939 756 1091 797 pacem
1120 742 1309 798 rogantis
1339 748 1527 798 accepta,
1561 742 1688 783 unico
1711 755 1809 783 con-

321 799 413 841 silio
444 799 688 854 principum
709 798 843 853 regni,
864 804 983 853 patre
1003 799 1230 851 nesciente,
1252 797 1433 854 gratiam
1453 796 1809 840 reconciliationis

321 856 469 897 annuit
483 861 516 895 ²:
547 855 656 895 iuste
674 860 714 895 et
729 854 943 908 sapienter
957 868 1101 908 agens,
1133 854 1206 910 qui
1221 868 1364 909 regem
1379 853 1534 896 iniuste
1549 853 1809 907 iniuriatum,

319 911 429 952 ultro
460 915 672 966 petentem
701 909 895 964 gratiam,
925 910 1087 965 recepit
1114 910 1159 950 in
1187 910 1431 951 amicitiam.

406 990 475 1031 27.
535 990 690 1042 Quod
729 989 837 1030 dux
866 989 1129 1031 Ernestus
1167 988 1434 1031 auxilium
1463 989 1632 1045 petiit
1660 989 1724 1031 ab

810 1045 1061 1087 Oudoneb
1092 1046 1322 1087 comitec.

434 1114 603 1156 Interea
633 1113 735 1153 dum
755 1113 836 1154 hoc
862 1114 1107 1169 agereturd,
1144 1113 1359 1169 praefatus
1384 1113 1609 1163 Ernestus,
1633 1111 1811 1154 ducatus

323 1170 529 1226 dignitate
559 1169 762 1225 privatus,
793 1169 926 1211 multa
956 1170 1170 1225 cogitans,
1210 1168 1343 1211 multa
1373 1168 1550 1211 moliens
1563 1175 1599 1223 ³,
1631 1166 1812 1224 qualiter

322 1227 570 1281 imperatori
598 1226 834 1279 resisteret,
865 1239 1044 1280 magnos
1074 1224 1241 1267 labores
1270 1226 1315 1266 in
1343 1239 1502 1266 vanum
1533 1223 1811 1280 consumpsit.

325 1282 425 1335 Qui,
456 1286 675 1337 assumpto
710 1280 962 1322 Wezelonee
993 1280 1123 1323 milite
1155 1296 1244 1335 suo,
1285 1295 1381 1322 cum
1419 1281 1511 1322 aliis
1541 1280 1690 1336 paucis
1719 1294 1813 1336 per-

323 1338 437 1379 rexit
465 1337 510 1378 in
550 1337 774 1378 Franciam
811 1336 1009 1378 Latinam
1048 1337 1103 1378 ad
1135 1337 1360 1379 Oudonem
1396 1337 1607 1390 comitem,
1638 1335 1812 1392 propin-

325 1407 457 1450 quum
487 1407 624 1434 suum.
683 1393 793 1434 Nam
823 1399 958 1434 mater
983 1392 1176 1435 Oudonis
1206 1399 1248 1434 et
1277 1399 1411 1434 mater
1432 1391 1601 1434 Giselae
1629 1393 1812 1456 impera-

326 1449 467 1490 *tricis
509 1448 676 1490 fuerant
715 1462 891 1490 sorores.
950 1447 991 1489 A
1028 1463 1112 1504 quo
1154 1449 1256 1490 dum
1287 1447 1508 1490 consilium
1538 1454 1580 1490 et
1607 1445 1814 1489 auxllium

325 1510 508 1561 peteret,
554 1505 656 1546 seuf
697 1502 827 1545 nollet
866 1505 953 1546 sive
998 1519 1083 1546 non
1120 1505 1313 1558 auderet,
1357 1503 1461 1545 nihil
1491 1503 1631 1545 sola-tii
1665 1508 1813 1546 contra

321 1563 622 1617 imperatorem
653 1560 733 1602 sibi
764 1559 891 1601 dedit.

549 1641 620 1682 28.
677 1638 919 1692 Qualiter
958 1639 1059 1681 dux
1089 1640 1348 1682 Ernestus
1378 1639 1588 1695 periitg.

435 1709 542 1750 Dux
557 1723 656 1750 vero
673 1708 882 1750 Ernestus
902 1722 1108 1762 reversus,
1131 1709 1282 1750 iterum
1302 1709 1346 1748 in
1362 1706 1663 1749 Alamanniam
1682 1708 1811 1762 venit,

323 1765 469 1821 ibique
499 1765 543 1805 in
574 1764 760 1820 quadam
790 1778 945 1818 eremo,
986 1779 1094 1820 quae
1124 1763 1256 1819 Nigra
1284 1763 1390 1805 silva
1429 1763 1596 1815 dicitur,
1633 1763 1679 1804 in
1707 1761 1812 1806 locis

323 1821 544 1863 tutissimis
575 1826 764 1862 moratus
777 1827 794 1850 4
803 1851 813 1873 ,
851 1819 1010 1876 praeda
1047 1819 1279 1861 miserabili
1316 1834 1393 1875 per
1426 1818 1601 1876 aliquod
1643 1825 1812 1876 tempus

322 1876 507 1919 vivebat.
580 1875 650 1918 Ad
698 1882 937 1918 extremum
986 1875 1089 1917 dum
1131 1890 1157 1917 a
1199 1875 1350 1916 militia
1392 1876 1575 1917 caesaris
1622 1874 1812 1932 undique

324 1939 606 1986 coartaretur,
652 1932 825 1988 quidam
864 1932 938 1987 qui
982 1932 1227 1987 imperatori
1265 1931 1467 1973 favebant
1517 1945 1651 1988 equos
1660 1962 1671 1984 ,
1703 1945 1811 1987 quos

324 1988 415 2030 dux
444 1995 486 2031 et
516 2002 660 2029 omnes
691 1988 758 2029 sui
787 1988 969 2043 optimos
999 1987 1224 2041 habebant,
1259 2002 1335 2042 per
1363 1986 1537 2028 insidias
1565 1987 1610 2028 in
1669 1987 1811 2029 ascuis

324 2050 597 2100 exceperunt.
642 2043 747 2085 Dux
776 2057 890 2096 vero,
913 2042 1121 2098 perditish
1151 2043 1271 2098 equis
1301 2043 1347 2084 in
1377 2042 1532 2098 quibus
1556 2057 1638 2084 con
1669 2041 1810 2098 debat,

322 2099 428 2141 nihil
457 2100 579 2156 pensi
607 2098 703 2155 plus
734 2098 894 2141 habens
907 2106 935 2152 ⁵,
964 2100 1010 2140 in
1038 2105 1156 2141 tanta
1185 2099 1503 2155 perturbatione
1533 2098 1637 2155 quid
1666 2104 1812 2155 ageret

324 2154 596 2208 dubitabat⁶;
646 2154 830 2196 collectis
869 2162 1012 2196 tamen
1048 2154 1238 2211 undique
1279 2154 1660 2211 qualibuscumque
1690 2155 1812 2211 equis

325 2226 433 2268 quos
463 2210 619 2253 habere
649 2217 827 2266 poterat,
860 2225 957 2251 cum
979 2210 1176 2252 omnibus
1197 2225 1303 2267 quos
1325 2216 1425 2252 tunc
1446 2209 1594 2252 habuit
1613 2224 1810 2265 egressus

323 2274 387 2310 est
416 2266 534 2319 silva,
564 2281 710 2309 secum
741 2265 997 2320 deliberans,
1036 2266 1185 2309 melius
1216 2281 1307 2309 esse
1336 2266 1511 2308 honeste
1541 2267 1649 2308 mori
1680 2280 1809 2322 quam

443 2355 474 2390 a)
500 2359 588 2389 septa
611 2358 638 2384 1.
719 2355 751 2389 b)
774 2357 937 2383 Dudonem
959 2355 1025 2391 (pro
1037 2355 1210 2389 Oudonem)
1233 2363 1294 2382 eum
1314 2363 1421 2388 semper
1442 2359 1523 2382 vocat
1539 2356 1650 2388 Zwetl.;
1671 2355 1810 2383 odonem

323 2395 367 2421 hio
388 2399 412 2421 et
428 2396 510 2429 infra
530 2397 557 2424 1.
575 2397 608 2428 23
629 2397 678 2421 sed
695 2395 835 2422 odonem
850 2397 891 2422 al.
908 2396 1047 2422 Udonem
1064 2397 1091 2424 2,
1113 2397 1145 2422 in
1164 2403 1187 2423 c.
1204 2396 1259 2428 29;
1288 2396 1384 2427 itaque
1402 2395 1532 2422 Oudone
1558 2395 1696 2427 scriptum
1716 2402 1774 2421 ecee
1790 2402 1811 2421 a

329 2434 446 2467 Wipone
466 2436 615 2461 verisimzle
636 2439 684 2462 est.
746 2433 773 2468 c)
796 2436 862 2460 haec
882 2436 1031 2467 inscriptio
1053 2436 1126 2460 deest
1149 2437 1173 2460 l.
1231 2435 1261 2467 d)
1284 2435 1359 2460 haee
1379 2437 1545 2466 agerentur
1558 2435 1586 2461 2.
1639 2434 1668 2468 e)
1690 2435 1810 2463 Vuehe-

322 2474 395 2500 lone
419 2476 445 2501 1.
470 2476 496 2501 2.
577 2474 604 2508 t)
628 2475 693 2500 sive
717 2475 744 2501 2.
828 2473 859 2508 g)
882 2475 1031 2508 inscriptio
1052 2475 1125 2500 deest
1148 2475 1175 2501 1.
1256 2472 1288 2506 h)
1310 2474 1476 2506 praedictis
1499 2475 1524 2499 1.

449 2537 486 2581 1)
533 2538 572 2571 V.
589 2538 851 2572 Herionannum
869 2550 902 2571 a.
923 2538 1029 2572 1031.
1055 2537 1096 2571 P.
1170 2535 1208 2579 2)
1226 2535 1339 2571 Aliter
1356 2542 1388 2570 et
1405 2537 1480 2570 sine
1498 2537 1604 2570 dubio
1622 2536 1749 2570 rectius
1765 2536 1810 2571 de

323 2586 391 2619 hac
416 2586 638 2629 expeditione
662 2591 815 2620 narrant
836 2587 930 2621 Arm.
949 2585 1069 2620 Altah.
1097 2597 1131 2620 a.
1160 2587 1272 2618 1030:
1299 2586 1404 2619 rediit
1434 2590 1552 2619 autem
1580 2586 1624 2619 de
1650 2586 1810 2629 Ungaria

323 2636 400 2668 sine
426 2635 556 2668 militia
584 2637 677 2669 etin
713 2636 810 2669 nullo
844 2635 1043 2679 proficiens,
1080 2635 1162 2667 ideo
1198 2635 1293 2678 quod
1329 2636 1503 2668 exercitus
1537 2635 1630 2668 fame
1664 2634 1809 2678 pericli-

322 2684 476 2725 tabatur,
510 2688 545 2717 et
570 2685 701 2718 Vienni
727 2685 771 2717 ab
796 2685 924 2727 Ungris
950 2684 1167 2726 capiebatur.
1268 2681 1306 2726 3)
1336 2682 1388 2726 Ψ.
1407 2695 1434 2717 c.
1456 2684 1513 2718 10.
1588 2684 1624 2726 4)
1657 2682 1694 2718 V.
1713 2682 1808 2717 Ami.

324 2730 485 2775 Sanyall.
513 2744 548 2765 a.
579 2733 682 2766 1030.
767 2733 805 2776 5)
833 2732 978 2766 Sallust.
1007 2731 1080 2765 Cat.
1108 2744 1135 2765 c.
1159 2733 1220 2765 12:
1247 2732 1336 2764 nihil
1362 2733 1464 2775 pensi
1490 2742 1606 2775 neque
1633 2731 1809 2765 moderati

323 2781 468 2814 habere.
519 2780 602 2825 Juq.
630 2794 657 2815 c.
685 2781 749 2814 41:
777 2781 865 2814 nihil
891 2782 993 2825 pensi
1014 2791 1130 2824 neque
1157 2782 1272 2814 saneti
1298 2781 1443 2815 habere.
1544 2779 1582 2824 6)
1609 2779 1700 2814 Sall.
1725 2779 1808 2824 Juq.

321 2841 350 2862 c.
382 2830 445 2862 14:
472 2831 629 2863 incertus
656 2830 741 2874 quid
768 2840 885 2873 agam.
