1864 3250
718 785 767 837 3.
851 782 1385 840 TETRALOGUS.

367 923 591 967 INCIPIT
620 922 939 966 PROLOGUS
969 924 1031 966 IN
1063 924 1506 967 TETRALOGUMa
1529 924 1729 968 REGIS.

417 1016 607 1058 Domino
636 1018 729 1072 regi
758 1015 843 1058 fide
874 1022 916 1058 et
944 1015 1088 1058 verbis
1118 1015 1339 1070 catholico,
1453 1018 1620 1061 actibus
1649 1017 1803 1074 glorio-

307 1073 476 1115 sissimo
591 1072 797 1115 Heinrico
828 1072 966 1125 tertio,
1081 1071 1211 1127 Wipo
1231 1070 1488 1114 famulorum
1601 1075 1802 1116 minimus

308 1143 496 1182 suorum,
612 1129 727 1185 quod
755 1143 825 1170 ros
854 1127 1049 1170 Hermon
1162 1126 1331 1169 excelso
1361 1129 1496 1171 monti
1527 1129 1643 1172 Sion.

421 1183 605 1226 Sanctae
666 1185 805 1226 ietatis
835 1190 935 1227 tuae
962 1182 1222 1226 accessibilis
1243 1182 1448 1227 celsitudo
1468 1185 1804 1231 imbecillitatem

306 1254 447 1283 meam
476 1240 590 1294 facit,
652 1241 790 1283 omine
818 1255 909 1294 rex,
939 1239 995 1281 ad
1023 1240 1187 1295 gratiae
1215 1245 1314 1281 tuae
1335 1240 1614 1284 desiderabile
1635 1242 1805 1287 culmen

306 1297 527 1350 festinare3
559 1302 600 1338 et
630 1296 740 1339 sicut
769 1295 918 1350 stellio,
979 1296 1024 1337 ui
1052 1296 1199 1337 nititur
1227 1297 1386 1337 morari
1413 1297 1458 1338 in
1477 1297 1656 1341 aedibus
1675 1300 1804 1354 regis,

307 1353 369 1394 sic
401 1367 495 1408 ego,
524 1351 624 1394 licet
653 1352 850 1395 omnibus
878 1366 948 1393 mo
985 1352 1019 1392 ‘s
1051 1351 1269 1404 obscurus,
1302 1351 1503 1395 claritatis
1529 1359 1626 1396 tuae
1646 1355 1806 1411 gaudia

306 1415 450 1450 tamen
485 1409 530 1449 in
566 1409 735 1464 scriptis
772 1408 879 1450 meis
918 1407 1112 1450 desidero
1155 1407 1436 1464 frequentare.
1494 1409 1553 1453 Et
1589 1412 1804 1468 quoniam,

307 1470 489 1507 testante
529 1463 756 1507 Salomone
768 1473 796 1518 ¹,
836 1463 972 1519 gloria
1007 1470 1071 1506 est
1106 1464 1219 1520 regis
1254 1464 1514 1521 investigare
1553 1481 1805 1522 sermonem,

306 1520 390 1562 feci
420 1521 521 1574 tibi,
552 1520 723 1562 domine
753 1520 812 1561 mi
840 1535 941 1571 reX‚
971 1519 1084 1561 hunc
1115 1518 1290 1562 brevem
1320 1520 1616 1578 Tetralogum‚
1647 1538 1733 1580 quo
1763 1530 1807 1566 et

308 1591 432 1618 curas
476 1577 692 1618 insomnes
731 1577 795 1617 rei
830 1575 1029 1632 publicae
1064 1575 1280 1618 interdum
1309 1575 1498 1633 levigare
1535 1585 1578 1620 et
1614 1580 1807 1622 animum

305 1632 362 1674 ad
391 1647 442 1673 ea
478 1647 586 1689 quae
625 1632 705 1674 tibi
745 1646 950 1688 persuasa
989 1638 1086 1673 sunt
1121 1633 1259 1688 possis
1297 1633 1496 1676 excitare.
1553 1634 1634 1677 Est
1661 1641 1806 1679 autem

305 1687 538 1743 tetralogus
570 1689 797 1744 quattuorh
835 1702 1115 1743 personarum
1146 1702 1296 1730 sermo.
1354 1689 1421 1731 Ibi
1456 1697 1584 1746 poeta
1619 1692 1807 1748 primum

307 1743 501 1786 hortatur
538 1745 706 1798 Musas,
742 1751 790 1786 ut
825 1750 867 1785 te
896 1742 1081 1785 laudent.
1142 1743 1308 1786 Chorus
1339 1745 1560 1788 Musarum
1590 1747 1807 1790 benedicit

307 1807 349 1842 et
377 1799 524 1842 laudat
552 1807 594 1842 te
622 1800 842 1842 dominum
862 1815 1018 1855 regem.
1064 1799 1233 1841 Deinde
1253 1800 1346 1842 Lex
1376 1807 1418 1843 te
1447 1798 1678 1859 alloquitur
1707 1811 1828 1846 cum'

306 1856 373 1898 his
406 1855 606 1911 consiliis,
638 1871 748 1912 quae
778 1856 881 1897 satis
912 1856 1170 1897 conveniunt
1198 1863 1295 1898 tuae
1326 1856 1534 1912 dignitati.
1582 1859 1804 1903 Postremo

309 1912 459 1954 Gratia
501 1913 594 1954 miti
636 1912 767 1954 affatu
804 1912 1072 1967 temperabit,
1186 1911 1241 1952 ad
1282 1913 1397 1968 quod
1437 1919 1476 1955 te
1506 1913 1602 1957 Lex
1631 1929 1686 1957 ex
1714 1916 1805 1959 iure

306 1968 515 2012 incitavit.
629 1968 700 2010 Ad
735 1968 842 2009 haec
878 1966 1136 2023 perlegenda
1172 1968 1226 2008 sit
1261 1974 1404 2010 tecum
1433 1968 1547 2026 legis-
1570 1977 1612 2013 et
1639 1972 1803 2028 gratiae

307 2023 517 2066 mediator
636 2024 758 2066 Iesus
803 2022 997 2065 Christus
1046 2022 1244 2076 salvator,
1368 2025 1488 2067 cuius
1536 2041 1716 2083 regnum
1763 2033 1807 2071 et

306 2080 536 2135 imperium
648 2094 734 2121 non
764 2078 934 2121 deficiet
962 2079 1007 2120 in
1040 2085 1273 2121 aeternum.
1390 2080 1498 2124 Vale
1528 2082 1701 2126 domine
1729 2085 1803 2139 mi,

307 2150 386 2178 rex
416 2135 620 2192 piissime.

729 2189 1014 2233 EXPLICIT
1048 2190 1381 2234 PROLOGUS.

954 2294 1168 2338 POETA.

390 2364 558 2405 Doctae
585 2361 789 2416 Pierides,
820 2363 1118 2405 memorandas
1149 2363 1262 2406 edite
1291 2363 1454 2419 laudes,

389 2420 533 2462 Dicite
563 2425 792 2476 perpetuas
821 2418 1054 2462 Heinrico⁰
1084 2419 1292 2476 deprecor
1321 2421 1446 2463 odas!

390 2475 523 2530 Regis
553 2481 594 2518 et
622 2476 879 2516 immensum
908 2474 1155 2517 diuturnent
1185 2476 1372 2518 carmina
1402 2479 1597 2520 sensum!

392 2531 534 2573 Huius
563 2546 631 2573 res
659 2530 792 2573 laetas
822 2529 1047 2572 millesima
1104 2531 1262 2574 roferat
1290 2539 1429 2587 aetas3

339 2597 358 2629 5
392 2587 489 2629 Hoc
520 2588 651 2629 decus
679 2587 839 2642 ingenii
870 2593 1042 2643 superet
1099 2602 1154 2629 uo
1183 2593 1379 2644 tempora
1407 2589 1576 2645 mundi3

391 2642 512 2684 Dum
540 2642 724 2684 mundus
753 2649 913 2699 pereat,
947 2643 1061 2698 regis
1090 2644 1299 2699 sapientia
1327 2645 1463 2688 vivat!

424 2749 455 2784 a)
477 2750 688 2778 EPILOGUM
709 2751 742 2776 in
762 2753 840 2777 textu
858 2751 999 2777 Oanisiua.
1079 2749 1112 2785 b)
1135 2754 1267 2784 quatuor
1288 2754 1331 2780 ed.
1413 2753 1440 2788 c)
1462 2755 1597 2782 nautico
1618 2755 1661 2783 ed.

434 2838 471 2881 1)
497 2839 602 2872 Prov.
630 2839 687 2880 25,
716 2840 750 2871 2.
