1864 3250
326 245 361 279 X

327 357 483 401 deinde
523 358 788 399 Franciscus
825 358 1033 414 Iosephus
1074 358 1202 401 Mone
1241 359 1441 403 lectiones
1472 361 1632 403 codicis
1667 360 1811 404 Came-

327 415 534 468 racensis,
566 415 643 469 qui
662 412 716 455 65
737 428 884 456 versus
905 414 1083 468 eaehibet,
1106 414 1278 470 publici
1303 418 1415 458 iuris
1432 416 1599 471 fecit¹;
1629 417 1813 475 denique

329 469 569 512 Guilelmus
631 469 942 526 Wackernagel
998 485 1050 511 eae
1108 470 1209 513 Cod.
1259 471 1504 515 Ba-siliensi
1552 472 1606 514 35
1663 487 1813 516 versus

328 527 503 568 edidit³.
571 525 724 567 Omnes
764 526 845 567 has
887 526 1108 579 editiones,
1158 533 1335 583 eoecepta
1381 527 1814 586 {Vackernayeliancss

329 582 528 638 coynovit
556 581 763 634 Pertzius,
806 582 882 637 qui
911 581 1186 638 Scriptorum
1219 583 1262 626 T.
1293 583 1369 624 XI.
1395 585 1634 640 proverbia
1662 585 1811 628 edidit.

328 638 478 680 Novae
514 644 686 678 nostrae
725 638 910 679 editioni
949 638 1099 680 haecce
1137 638 1338 680 subsidia
1377 646 1527 682 erant:

445 706 486 761 1)
521 704 562 747 C.
585 706 732 761 reyius
753 706 1031 748 Monacensis
1050 707 1165 748 inter
1185 706 1368 749 Latinos
1387 707 1446 749 N.
1465 706 1614 762 14733,
1644 708 1814 751 membr.

328 775 439 803 saec.
478 761 577 815 XII,
623 760 699 803 ubi
723 760 810 816 fol.
851 761 931 803 77¹.
975 761 1041 803 78.
1064 763 1302 818 proverbia
1341 761 1396 804 90
1434 763 1655 806 habentur.
1713 764 1815 807 Post

328 818 556 860 editionem
586 817 746 859 Pertzii
775 817 914 859 denuo
945 818 1124 860 contulit
1152 818 1389 875 Philippus
1417 818 1546 875 Jaffe.

439 886 484 941 2)
548 884 591 928 C.
640 883 914 927 bibliothecae
961 887 1214 929 monasterii
1261 886 1555 929 Einsidlensis
1611 863 1670 930 N.
1718 886 1813 941 248,

327 942 496 984 membr.
541 956 652 983 saec.
696 941 771 994 XI,
816 943 892 997 qui
919 958 969 998 p.
1000 942 1095 985 465.
1137 942 1189 985 97
1221 957 1369 985 versus
1408 943 1587 985 exhibet.
1643 942 1815 986 Evolvit

328 1013 424 1040 eum
452 998 530 1039 Ph.
559 996 688 1053 Jaffe'.

440 1066 485 1121 3)
540 1065 583 1109 C.
625 1066 860 1108 Vaticanus
905 1064 975 1120 (S.
1018 1065 1272 1109 Columbani
1314 1067 1365 1109 de
1402 1067 1562 1121 Bobio)
1597 1066 1655 1109 N.
1689 1065 1814 1120 5776,

327 1123 496 1164 membr.
535 1136 644 1163 saec.
676 1122 749 1163 XI.
780 1136 859 1174 esc„
904 1121 979 1163 ubi
1016 1122 1212 1178 Reyulae
1255 1123 1564 1166 monachorum
1606 1123 1747 1166 editae
1787 1139 1815 1165 a

332 1178 502 1221 Colettio
528 1177 815 1220 Conciliorum
847 1179 892 1219 Τ.
913 1178 988 1218 IX.
1019 1179 1166 1220 eadem
1194 1194 1329 1221 manu
1359 1179 1578 1222 subiuncti
1606 1185 1708 1221 sunt
1735 1179 1814 1221 sub

327 1235 506 1277 rubrica
537 1233 659 1289 ‘Cap
692 1234 742 1275 de
773 1235 995 1289 sapientia
1024 1240 1061 1276 et
1086 1235 1329 1291 prudentia
1358 1241 1395 1277 et
1424 1236 1726 1291 temperantia'
1759 1235 1814 1278 62

327 1306 478 1333 versus
508 1297 751 1332 nostrorum
774 1289 1119 1345 proverbiorum,
1151 1292 1318 1333 omissis
1338 1307 1376 1333 v.
1402 1291 1564 1334 14—49
1578 1297 1623 1333 et
1643 1291 1815 1348 quibus-

328 1348 430 1389 dam
462 1346 578 1388 aliis.
636 1346 882 1401 Descripsit
910 1346 1224 1389 Bethmannus.

439 1414 485 1471 4)
539 1413 582 1457 C.
621 1414 717 1456 bibl.
756 1414 1098 1471 Welferbytanae
1141 1415 1311 1458 membr.
1361 1430 1470 1458 saec.
1513 1415 1639 1469 XIII,
1687 1415 1815 1458 cuius

327 1470 525 1513 lectiones
570 1471 618 1512 in
663 1471 848 1512 editione
890 1471 1049 1514 Pertzii
1091 1472 1389 1514 inveniuntur.
1456 1472 1572 1514 Huic
1610 1472 1813 1528 promime

327 1528 560 1570 accedunt:

437 1583 504 1636 41³)
539 1582 581 1625 C.
613 1582 806 1624 coenobii
833 1582 1134 1625 Florianensis
1162 1590 1201 1624 et

436 1645 501 1701 4⁰)
537 1644 580 1687 C.
602 1645 794 1686 coenobii
814 1643 1085 1698 Mellicensis,
1116 1659 1301 1700 quorum
1329 1645 1527 1687 lectiones
1552 1645 1671 1687 dedit
1691 1641 1811 1700 Hoff-

324 1716 529 1748 mannus.

438 1756 482 1814 5)
517 1756 559 1801 C.
582 1755 855 1798 bibliothecae
879 1757 1145 1799 Trevirensis
1165 1757 1223 1798 N.
1240 1756 1336 1810 210,
1363 1756 1532 1799 membr.
1554 1771 1664 1799 saec.
1685 1755 1811 1809 XIII,

326 1814 530 1856 exhibens
550 1827 700 1855 versus
725 1812 805 1854 100
826 1819 863 1854 et
884 1828 911 1854 a
931 1828 995 1855 me
1016 1814 1111 1867 ipso
1133 1813 1275 1855 denuo
1297 1829 1392 1854 cum
1413 1813 1598 1854 editione
1619 1811 1813 1854 collatus.

438 1869 482 1924 6)
534 1869 653 1911 Pezii
694 1869 838 1922 editio,
892 1868 1095 1910 eoehibens
1140 1869 1232 1911 cod.
1280 1870 1642 1925 Teqernseensem,
1687 1868 1814 1911 hodie

326 1926 612 1981 deperditum,
641 1925 716 1967 ubi
745 1925 799 1966 99
828 1939 976 1966 versus
1004 1925 1352 1966 inveniebantur.

439 1980 482 2037 7)
537 1981 580 2024 C.
621 1981 870 2034 Vaticanus,
913 1982 1093 2037 reyinae
1138 1980 1319 2023 Sueciae
1368 1980 1425 2022 N.
1470 1979 1590 2033 1846,
1642 1979 1812 2022 membr.

325 2052 436 2079 saec.
467 2037 590 2091 XIII,
620 2037 674 2079 53
711 2052 861 2079 versus
899 2037 1115 2089 eoehibens,
1155 2038 1397 2093 eoescriptus
1437 2052 1463 2078 a
1498 2036 1770 2078 Bethmanno
1782 2041 1813 2077 4.

439 2094 482 2150 8)
519 2092 561 2135 C.
597 2092 920 2136 Cameracensis
948 2093 1006 2134 N.
1027 2092 1124 2146 467,
1154 2093 1322 2135 membr.
1355 2107 1464 2134 saec.
1486 2091 1584 2146 XII,
1613 2107 1814 2134 versuum

327 2149 394 2203 65,
434 2165 462 2191 a
491 2149 640 2191 Monio
681 2156 718 2191 et
747 2149 1019 2192 Bethmanno
1050 2149 1241 2191 evolutus
1251 2164 1266 2203 ;
1307 2149 1460 2191 ordine
1480 2148 1815 2205 proverbiorum

327 2207 563 2258 immutato,
595 2206 755 2247 desinit
783 2206 830 2247 in
861 2221 898 2246 v.
931 2205 1026 2247 82⁵

437 2261 485 2316 9)
533 2261 576 2304 C.
617 2262 954 2304 Vindobonensis
995 2262 1109 2303 inter
1140 2260 1371 2318 Theoloqos
1399 2260 1457 2302 N.
1487 2259 1583 2313 575,
1622 2260 1814 2302 chartac.

327 2332 437 2360 saec.
468 2317 560 2370 XV,
593 2318 831 2374 proverbia
867 2324 1016 2359 nostra
1037 2317 1271 2374 praebens,
1311 2317 1386 2359 ubi
1423 2322 1562 2358 temtus
1602 2331 1631 2358 a
1669 2316 1816 2358 scriba

327 2374 500 2416 indocto
537 2375 602 2415 ita
637 2375 889 2416 immutatus
919 2389 1006 2415 esse
1036 2374 1219 2427 videtur,
1257 2379 1302 2414 ut
1332 2388 1425 2415 eum
1455 2372 1596 2414 denuo
1627 2371 1816 2415 evolvere

329 2446 351 2473 o
387 2446 437 2472 us
467 2444 556 2472 non
586 2431 653 2472 sit.

348 2446 383 2486 P
443 2485 512 2542 10)
548 2484 590 2528 C.
611 2485 706 2527 bibl.
728 2484 992 2527 Basiliensis
1011 2485 1067 2526 B.
1088 2484 1163 2526 XI.
1180 2485 1218 2538 8,
1240 2483 1409 2540 qualem
1434 2483 1816 2540 Wackernaqelius

329 2542 357 2583 l.
387 2542 415 2584 l.
444 2548 459 2582 t
524 2542 561 2583 is
591 2542 722 2583 dedit.

444 2556 518 2652 13ss
562 2597 603 2640 C.
645 2597 739 2639 bibl.
769 2597 1230 2654 Donaueschinyensis
1271 2611 1382 2639 saec.
1415 2596 1514 2650 XII,
1555 2610 1706 2638 versus
1745 2610 1815 2638 εω-

431 2748 466 2792 1)
510 2747 680 2791 Anzeiyer
708 2748 777 2791 fiir
810 2748 940 2782 Kunde
979 2748 1039 2781 des
1074 2748 1261 2781 deutschen
1289 2747 1507 2781 Mittelalters
1537 2747 1642 2789 1835,
1662 2758 1703 2790 p.
1730 2747 1814 2780 363.

331 2798 369 2840 2)
408 2798 534 2840 Hanpt
555 2797 630 2830 und
655 2797 850 2840 Hoffmann
877 2798 897 2831 l.
925 2797 947 2829 l.
979 2797 1082 2838 1837,
1110 2796 1164 2830 II.
1184 2809 1225 2840 p.
1256 2797 1334 2829 136.
1364 2797 1445 2829 137.
1546 2794 1584 2838 3)
1624 2807 1658 2829 v.
1684 2795 1816 2830 Archiv

330 2847 420 2888 XII,
448 2846 531 2880 252.
631 2846 669 2889 4)
697 2858 729 2880 v.
751 2844 879 2880 Archiv
905 2845 994 2888 XII,
1022 2847 1105 2880 327.
1207 2844 1244 2889 5)
1269 2857 1302 2880 v.
1331 2844 1459 2879 Archiv
1488 2844 1591 2886 VIII,
1618 2845 1701 2878 431.
