1864 3250
543 250 755 286 WIPONIS
782 251 1075 286 PROVERBIA.
1532 255 1578 288 53

158 361 346 405 Humilis
376 362 504 404 homo
534 362 770 419 triumphat
799 363 844 404 in
873 363 1001 405 domo
1016 369 1046 404 ⁸.

75 429 123 466 21
159 419 247 472 Qui
271 433 351 476 per
378 418 514 460 ardua
541 418 673 473 vadit,
704 419 980 474 saepissimeb
1012 419 1165 462 eadit1.

157 475 252 518 Viri
279 475 404 517 mites
432 482 650 517 rennuunt
676 474 771 518 lites
783 483 810 517 ².

158 531 246 584 Qui
273 530 445 572 assidue
474 532 683 584 rixantur,
713 546 740 573 a
768 531 917 588 paucis
948 536 1160 573 amantur.

73 597 126 634 24
155 586 292 629 Malos
322 601 399 643 pro
430 586 526 630 Deo
556 586 750 630 tollerare
763 595 792 639 ⁰,
823 594 888 629 est
917 600 1122 643 superare
1134 586 1165 628 ¹¹.

213 643 369 685 Pacis⁹
401 642 562 685 donum
592 650 656 685 est
685 642 907 685 omnibus?
935 642 1111 685 bonum.

158 698 245 752 Qui
273 699 319 740 in
347 714 455 755 pace
484 699 728 749 fundantur,
758 714 844 741 non
874 699 1157 744 eradicantur.

74 765 124 801 27
157 754 439 798 Incendium&
467 754 675 797 bellorum
712 756 956 812 corruptioh
987 763 1051 798 est
1080 770 1260 798 morum.

157 811 320 854 Homoi
352 811 534 868 pudicus
564 818 628 853 est
656 812 854 854 animaek
886 812 1063 866 amicus.

155 867 245 911 Ubi
274 867 493 924 frequens¹
524 867 706 921 luxuria,
736 876 859 910 nonm
889 868 1025 911 deerit
1053 868 1245 924 penuria.

75 934 126 970 3ο
157 923 270 967 Volu
303 931 368 966 tas
396 923 615 966 mundana
644 939 812 980 semper
842 932 905 967 est
934 939 1046 966 vana
1059 932 1091 966 ¹¹.

211 980 265 1022 Iu
298 980 373 1022 'cis
403 981 656 1022 sententiam
687 986 854 1036 oportet
884 981 1032 1037 sequi⁰
1062 979 1423 1023 elementiam³·1³.

156 1035 311 1079 Melius
333 1042 398 1078 est
416 1036 659 1079 interdumq
680 1037 918 1093 ignoscere,
945 1051 1074 1093 quam
1092 1037 1327 1080 vindictam
1347 1051 1525 1093 poscere
1539 1044 1569 1078 4.

75 1102 124 1136 33
157 1093 245 1146 Qui
274 1093 511 1146 miseretur,
541 1092 879 1135 misericordiam
910 1098 1196 1150 consequetur
1208 1100 1237 1135 ⁵.
1430 1110 1432 1112 ·

156 1147 349 1192 Verbum
377 1149 567 1191 veritatis
598 1149 848 1192 subveniet?
875 1149 1088 1193 iudicatis.

155 1203 334 1247 Falsuss
363 1205 409 1246 in
439 1219 510 1247 ore
541 1211 658 1246 caret
685 1205 858 1247 honore.

73 1271 123 1306 36
156 1260 264 1315 Quit
291 1259 475 1303 falsitate
503 1261 622 1315 vivit,
652 1261 868 1303 animamu
900 1260 1068 1304 occidit.

213 1354 316 1405 Qui
345 1359 409 1396 est
436 1352 613 1395 hilarisv
643 1353 778 1408 dator,
809 1354 922 1396 hunc
952 1360 1104 1397 amatW
1137 1353 1333 1397 Salvator
1345 1362 1373 1395 ⁶.

156 1410 309 1453 Omnis
337 1424 491 1452 avarus
520 1408 625 1451 nulli
659 1415 723 1452 est
751 1424 891 1455 carus,

73 1476 123 1511 39
154 1466 320 1509 Bonisx
349 1465 566 1508 tribuereY
594 1481 682 1508 non
711 1472 798 1508 estz
828 1467 1100 1509 minuere*·⁷.

155 1522 244 1565 Ubi
271 1527 438 1579 pugnat
466 1528 613 1564 sancta
642 1524 776 1565 oratio
806 1523 895 1565 ibia
923 1523 1138 1566 vinciturb
1168 1521 1384 1565 tribulatio
1395 1528 1425 1563 ⁸.

153 1579 423 1621 Incessanter
454 1592 574 1621 orare
604 1585 669 1620 est
698 1577 852 1620 delicta
880 1586 1156 1635 purgare⁰·⁹.

73 1644 124 1680 42
155 1635 304 1677 Bene⁴i
335 1641 441 1688 orat,
473 1636 546 1691 qui
574 1636 620 1676 in
649 1634 776 1677 corde
805 1634 956 1691 plorat.

210 1691 425 1734 Ieiunium
452 1691 560 1733 forte
588 1690 742 1734 liberat
770 1705 795 1732 a
824 1692 1016 1734 secunda
1046 1697 1221 1733 mortee.

156 1747 266 1801 Quif
293 1761 380 1789 non
410 1754 551 1804 potest
579 1747 783 1802 ieiunare,
813 1746 951 1790 discat
980 1747 1256 1790 elemosinam
1285 1746 1399 1788 dare.

189 1868 219 1905 a)
241 1871 367 1896 domino
379 1866 425 1896 4b.
446 1870 489 1896 4⁰.
573 1869 603 1904 b)
621 1872 741 1898 invadit
750 1873 887 1906 saepe83
910 1873 1013 1906 sepius
1028 1871 1062 1904 53
1084 1879 1207 1905 semper
1226 1873 1276 1899 40.
1358 1870 1385 1903 e)
1407 1873 1531 1904 portare
1543 1871 1570 1899 2.

69 1910 102 1944 d)
133 1916 226 1944 snare
254 1911 282 1937 1.
364 1908 393 1943 e)
424 1917 525 1935 versus
551 1910 625 1936 deest
656 1911 684 1937 4.
766 1911 790 1946 f)
823 1912 966 1938 omnibus
997 1914 1043 1938 est
1072 1912 1098 1937 2.
1121 1911 1149 1938 5.
1172 1912 1218 1938 11.
1301 1909 1332 1944 g)
1365 1911 1511 1937 incendia
1542 1912 1569 1936 4.

69 1948 102 1983 h)
124 1952 170 1975 est
191 1949 347 1982 corruptio
371 1950 404 1981 13
425 1950 578 1982 correptio
592 1951 640 1976 11.
722 1950 745 1984 i)
768 1959 831 1978 non
842 1959 918 1980 corr.
930 1953 1020 1978 homo
1035 1953 1068 1983 1;
1090 1951 1181 1977 homo
1203 1951 1272 1983 pius
1290 1951 1335 1977 11.
1417 1948 1450 1984 k)
1464 1951 1568 1976 anime

70 1990 118 2015 est
139 1989 167 2014 2.
249 1987 271 2023 1)
294 1989 315 2015 f.
338 1990 386 2014 est
406 1989 427 2015 1.
451 1991 477 2016 l.
502 1990 530 2015 2.
555 1986 603 2016 4Ῑ).
626 1990 676 2023 μς
698 1993 744 2016 est
765 1992 786 2017 f.
807 1992 827 2018 1,
851 1991 879 2019 7,
959 1990 1002 2024 m)
1025 1991 1069 2016 ibi
1091 1998 1154 2016 non
1168 1991 1215 2017 10.
1297 1988 1330 2023 n)
1352 1990 1386 2015 40
1397 1990 1441 2015 hic
1451 1990 1570 2016 inserit.-

70 2028 132 2059 Qui
153 2029 238 2061 amat
247 2028 438 2054 voluntatem
460 2029 577 2063 mundi,
600 2029 673 2055 facit
693 2030 830 2056 officium
851 2031 1012 2063 peccandi.
1095 2028 1124 2062 ο)
1149 2030 1263 2062 esse43
1285 2029 1414 2055 ordinem
1433 2037 1568 2055 versuum

70 2067 106 2094 31
129 2070 154 2093 et
175 2067 212 2093 32
240 2067 360 2093 mutavit
383 2068 430 2093 11.
512 2067 544 2101 p)
569 2069 811 2096 misericordiam
835 2071 880 2096 11.
969 2069 999 2104 q)
1034 2070 1107 2095 deest
1130 2070 1156 2095 7.
1237 2069 1263 2103 r)
1284 2069 1448 2095 subveniat
1470 2070 1496 2095 1.
1522 2070 1569 2096 11.

69 2105 96 2140 s)
118 2114 219 2132 versus
239 2107 313 2132 deest
335 2107 362 2133 2.
444 2106 468 2140 t)
491 2106 526 2137 Q.
549 2108 582 2133 in
603 2108 624 2136 f.
646 2116 675 2135 v.
700 2110 726 2136 2.
751 2110 777 2136 7.
802 2110 847 2137 10.
927 2107 960 2143 ιι)
984 2110 1089 2135 omnia
1110 2109 1139 2135 4.
1162 2108 1192 2134 5.
1273 2107 1304 2142 v)
1334 2108 1441 2134 hilaris
1471 2110 1517 2134 est
1539 2109 1567 2135 2.

69 2145 110 2180 w)
133 2146 232 2178 diligit
254 2147 301 2174 11.
383 2145 415 2179 x)
437 2146 520 2172 bona
541 2147 569 2173 5.
650 2148 681 2181 y)
711 2149 895 2175 distribuere
927 2150 973 2176 10.
1055 2147 1083 2182 z)
1106 2155 1132 2175 e.
1157 2155 1221 2174 rem
1242 2155 1283 2174 m.
1308 2148 1334 2175 7.
1415 2146 1438 2181 ⁸)
1469 2155 1569 2173 versus

68 2186 143 2212 dem
165 2187 192 2212 2.
275 2184 305 2220 a)
327 2185 462 2212 deescll.
545 2185 576 2219 b)
599 2190 719 2219 pugnat
742 2190 768 2215 1.
851 2187 878 2221 c)
901 2188 945 2214 hic
967 2189 982 2214 ’1
1007 2188 1126 2214 inserit.-
1148 2187 1208 2218 Qui
1230 2194 1263 2213 se
1285 2187 1324 2213 ad
1346 2188 1566 2220 temptationes

69 2225 235 2258 paraverit,
256 2232 379 2257 semper
399 2225 478 2251 letus
501 2226 570 2252 erit.
633 2225 664 2260 d)
689 2227 748 2258 Qui
771 2228 803 2253 in
817 2228 908 2254 eorde
920 2228 1030 2261 plorat,
1053 2228 1119 2260 ipse
1130 2227 1210 2253 bene
1223 2229 1290 2253 orat
1306 2227 1332 2253 7.
1397 2225 1426 2260 e)
1439 2227 1568 2259 sorte53

69 2264 228 2291 hominem
250 2271 270 2291 a
290 2266 388 2291 morte
411 2265 457 2290 11.
540 2264 564 2298 f)
593 2273 693 2292 versus
714 2267 788 2292 deese
809 2268 838 2294 5.

171 2363 210 2408 1)
237 2364 447 2408 Miillenhoff
461 2371 492 2399 et
511 2363 669 2406 Scherer,
696 2366 912 2400 Denkmeiler
928 2365 1090 2408 XXVII,
1110 2366 1199 2398 209:
1229 2366 1358 2410 Sepius
1375 2366 1438 2399 ille
1459 2367 1567 2409 cadit,

70 2415 132 2458 qui
157 2424 221 2458 per
244 2414 411 2448 sublimia
427 2414 539 2448 vadit.
641 2414 680 2458 2)
699 2415 816 2448 Prora
834 2421 866 2449 et
885 2415 1022 2458 puppis
1044 2426 1081 2448 v.
1096 2415 1187 2448 293:
1214 2416 1279 2448 Vir
1303 2415 1459 2459 fugitans
1485 2415 1569 2450 lites

71 2463 248 2506 extinguit
285 2464 494 2497 seditiones.
594 2463 635 2508 3)
669 2464 707 2497 V.
740 2463 841 2507 infra
879 2464 1100 2508 Tetraloqum
1133 2475 1165 2498 v.
1200 2464 1284 2498 224.
1386 2463 1425 2508 4)
1468 2463 1570 2499 Otzoh

69 2511 239 2545 Proverb.
271 2523 300 2544 e.
328 2512 347 2544 ‘1
382 2511 480 2553 (Pez,
514 2511 718 2546 Thesaurus
748 2512 825 2553 III,
853 2514 887 2553 2,
915 2513 1023 2556 502):
1065 2513 1265 2547 Gloriosius
1308 2517 1362 2547 est
1399 2514 1568 2548 iniuriam

69 2560 225 2594 tacendo
251 2560 415 2602 tolerare,
442 2572 548 2604 quam
573 2562 823 2606 respondendo
857 2562 1055 2595 vindicare.
1158 2562 1194 2604 5)
1232 2561 1286 2606 Cf.
1314 2562 1443 2596 Matth.
1473 2564 1506 2605 5,
1535 2564 1568 2597 7.

72 2609 110 2652 6)
137 2609 172 2642 2.
201 2606 356 2643 Corinth.
383 2610 417 2650 9,
445 2611 486 2642 ⁷:
513 2611 674 2644 Hilarem
703 2611 863 2645 datorem
890 2611 1010 2654 diligit
1035 2612 1155 2652 Deus3
1194 2623 1227 2644 v.
1260 2610 1373 2645 Ottloh
1399 2610 1568 2646 Proverb.

71 2669 101 2692 ο.
119 2657 154 2700 8,
180 2657 250 2691 Pez
277 2659 300 2692 l.
319 2659 342 2691 l.
362 2658 444 2691 503.
548 2659 586 2703 7)
613 2660 825 2704 Mw'illenhqff
847 2666 878 2694 et
903 2659 1063 2701 Solam-er,
1090 2660 1306 2694 De‘nkmiiler
1322 2659 1486 2702 XXVII,
1501 2663 1568 2694 96:

70 2707 208 2750 Largus
232 2706 395 2750 divescit,
424 2711 460 2740 et
485 2718 612 2742 avarus
637 2719 778 2753 semper
804 2710 936 2753 egebit.
1014 2708 1054 2753 8)
1085 2708 1184 2742 Otloh
1203 2721 1230 2742 c.
1251 2709 1284 2750 6,
1310 2709 1379 2744 Pez
1398 2710 1421 2743 l.
1438 2711 1461 2744 l.
1478 2711 1571 2743 500:

71 2756 257 2800 Frequens
282 2758 395 2790 oratio
421 2757 555 2790 resistit
580 2757 735 2792 diabolo.
837 2757 875 2802 9)
905 2756 956 2802 (θ’.
984 2769 1062 2791 cum
1087 2757 1248 2792 versibus
1268 2759 1427 2801 41-44,
1454 2758 1570 2792 Prora

71 2807 104 2838 et
113 2805 250 2848 puppis
265 2817 300 2839 v.
314 2804 385 2838 896
403 2817 453 2839 s.:
480 2806 583 2839 Haec
601 2807 670 2839 tria
686 2810 886 2841 nostrarum
911 2807 1041 2842 solatia
1066 2808 1137 2841 sint
1155 2809 1351 2842 animarum
1371 2826 1416 2833 —
1436 2808 1570 2842 Sancta

72 2853 280 2893 elemosina,
307 2855 449 2898 sintque
475 2865 614 2899 preces,
639 2856 774 2889 ieiunia
800 2856 922 2900 digna.
